2038 2875
737 201 896 227 merone
921 201 949 225 s.-
976 195 1067 227 cnut}
1564 193 1603 227 15

271 263 421 313 Ubique
446 262 620 313 frequens
646 264 850 314 primovere
876 271 1071 303 etaes‘tate
1098 265 1136 302 in
1168 264 1325 302 herbidis
1340 292 1352 311 ,
1393 265 1430 302 ‘m
1461 264 1605 302 floribus

199 329 392 378 Crataegi,
420 330 458 363 in
486 329 651 378 Opuntiis
668 355 680 373 ,
707 337 774 364 etc.
1229 334 1231 336 ’

271 391 403 426 Dsscn.
430 390 564 426 Totum
592 403 720 440 corpus
747 389 950 438 pubescens
972 417 982 435 ‚
1010 390 1107 440 pube
1132 391 1367 436 brevissima,
1402 393 1606 428 rariuscula.

197 453 316 502 Caput.
345 453 520 501 nigrum,
555 451 709 487 nitidum
729 479 738 495 ,
777 451 1009 488 subtilissime
1043 460 1077 487 et
1115 453 1303 489 confertim
1340 454 1608 502 punctulatum,

196 514 333 551 soveola
358 513 503 549 frontali
522 513 683 548 obsolete
706 513 893 561 impressa:
924 513 1066 563 clypeus
1092 515 1328 563 man-ginatus,
1356 527 1494 550 summo
1515 529 1609 550 mar-

198 579 279 626 gine
304 576 444 611 reflexo.
474 577 663 611 Antennae
690 575 913 610 subserratae
930 604 940 621 ,
960 576 1087 625 capitis
1106 576 1336 626 thoracisque
1354 576 1611 626 longitudinem

198 639 479 688 subaequantes,
507 639 649 686 nigrae,
677 637 832 681 nitidae,
852 637 1007 674 articulis
1036 638 1174 674 duobus
1202 639 1328 674 baseos
1343 638 1443 674 rufis.
1471 638 1611 674 Thorax

200 713 379 737 convexus
395 729 406 746 ,
433 700 571 750 postice
598 699 761 744 declivis,
790 700 997 735 tenuissime
1024 709 1060 736 et
1086 700 1214 736 crebre
1236 709 1447 750 punctatus,
1475 701 1612 750 angulis

197 764 347 812 posticis
374 762 578 811 productis,
606 762 715 797 acutis
733 789 744 806 ,
770 761 942 796 lateribus
969 761 1216 806 subdilatatis,
1244 762 1457 810 coleopteris
1477 764 1611 799 sensim

200 825 396 861 latioribus.
425 824 621 859 Scutellum
650 823 882 868 cordisorme,
909 824 1075 872 nigrum,
1100 823 1270 868 nitidum,
1287 824 1363 859 basi
1390 826 1613 873 impressum.

199 888 322 937 Elytra
349 888 693 935 punctam-striata,
719 886 918 921 interstitiis
946 885 1175 921 subtilissime
1201 886 1445 934 punctulatis,
1473 889 1614 935 punctis

199 949 385 999 piligeris,
414 949 541 997 nigra,
581 947 704 983 nitida.
750 949 890 997 Corpus
929 947 1055 984 subtus
1090 948 1232 984 densius
1268 947 1493 997 pubescens,
1520 948 1614 997 pube

200 1013 341 1048 cinerea
369 1011 628 1056 decumbente,
655 1012 825 1059 nigrum,
852 1010 1004 1045 nitidum
1022 1038 1033 1055 ,
1060 1018 1268 1059 praesterno
1295 1019 1490 1059 sternoque
1518 1024 1615 1045 nunc

200 1074 305 1117 rufis⁷
333 1087 431 1109 nunc
459 1074 586 1122 nigri33
614 1086 682 1108 ano
708 1072 797 1107 rufo.

279 1136 362 1171 Obs.
391 1136 579 1171 Nonnullis
607 1134 713 1183 hujus
742 1135 876 1184 speciei
903 1133 1134 1170 varietatibus
1161 1133 1299 1169 accedit
1339 1134 1616 1183 Cardioplzorus

200 1200 395 1234 diseicollis
423 1198 582 1241 Herbst,
611 1209 719 1246 quem
746 1211 821 1233 non
847 1197 962 1234 semel
986 1196 1125 1232 obviam
1153 1196 1261 1231 habui
1289 1197 1323 1231 in
1347 1196 1525 1231 Sardinia:
1553 1196 1615 1231 sed

203 1273 292 1310 quae
321 1260 410 1295 milii
438 1268 519 1295 sunt
547 1259 651 1309 hujus
678 1259 924 1309 Cardioplzori
949 1262 1144 1308 specimina
1163 1286 1175 1303 ,
1202 1260 1366 1294 antennis
1393 1258 1614 1307 pedibusque

203 1324 348 1358 omnino
376 1323 486 1371 nigris
515 1324 752 1357 instruuntur.

328 1385 412 1418 Var.
429 1384 484 1432 f>
523 1383 640 1432 quoad
672 1382 825 1419 thoracis
864 1384 1042 1432 picturam
1082 1382 1376 1431 Carclioplzorzcm
1417 1383 1613 1428 rztfic‘ollem

202 1447 308 1482 Fabr.
338 1447 482 1482 omuino
510 1445 646 1490 refert,
686 1458 753 1481 nec
785 1445 932 1480 minime
974 1444 1097 1480 dubito
1136 1446 1226 1493 quin
1264 1445 1306 1480 cl.
1340 1446 1483 1480 Rossius
1522 1444 1613 1479 hanc

201 1510 410 1544 varietatem
437 1521 503 1557 pro
530 1509 676 1543 Elatere
703 1508 866 1554 ruficolle
894 1509 929 1542 in
971 1508 1092 1543 Fauna
1118 1508 1272 1542 Etrusca
1304 1509 1550 1555 usurpaverit,
1578 1508 1615 1541 in

203 1571 444 1620 descriptione
472 1572 567 1606 enim
596 1570 704 1619 pedes
731 1571 830 1606 rufos
857 1571 994 1606 Elateri
1020 1583 1084 1606 suo
1112 1570 1241 1614 tradit,
1270 1583 1377 1619 quam
1403 1577 1525 1605 notam
1554 1569 1610 1603 El.

203 1634 362 1681 ruſseolli
390 1635 534 1669 minime
564 1635 753 1669 convenire
782 1641 945 1669 auctores
971 1633 1045 1668 fere
1073 1644 1197 1668 omnes
1223 1638 1410 1667 testantur.

443 1734 495 1769 15.
524 1734 669 1768 ELATER
696 1732 1033 1782 (Cardioplzorus)
1060 1736 1247 1768 ulcerosus
1263 1760 1271 1775 ,
1299 1732 1386 1766 Non.

733 1787 736 1790 Α
805 1806 869 1832 Tab.
889 1807 908 1831 I,
931 1808 971 1840 fig.
991 1808 1014 1831 6.

205 1880 325 1926 Niger
340 1907 350 1923 ,
378 1880 513 1914 nitidus
531 1907 541 1924 ,
568 1886 672 1914 tenue
694 1878 898 1927 pubescens
906 1894 919 1921 ,·
946 1882 1073 1926 elytris
1094 1878 1445 1925 punctam-striati&
1464 1874 1613 1910 thorace

254 1941 621 1989 sanguineo—limbum
648 1948 712 1976 aut
747 1944 955 1984 maculato,
994 1943 1196 1986 egytrorum
1232 1938 1459 1973 latitudinem
1484 1936 1611 1972 subae-

257 2012 404 2054 qaarzte‚·
431 2007 612 2049 antennis,
638 2006 755 2051 capite
776 2002 996 2051 tlzoraeeque
1016 2001 1237 2048 longioribus
1253 2028 1263 2044 ‚
1281 2003 1447 2036 articulis
1475 2000 1613 2035 (luobus

257 2067 382 2103 baseos
401 2095 410 2112 ,
437 2067 531 2102 tibiis
557 2069 736 2115 tarsisque
762 2065 860 2111 rufis.

1277 2150 1288 2179 Ξ
1307 2177 1313 2185 .

1277 2185 1288 2199 4

500 2155 641 2203 Longit.
670 2154 729 2189 lin.
760 2167 778 2187 2
800 2160 835 2201 ᾗ,
865 2153 896 2188 3.
923 2170 967 2179 -·-
993 2152 1097 2187 Latit.
1126 2152 1187 2187 lin.
1216 2157 1250 2196 ξ,

286 2253 375 2287 Cum
403 2253 637 2302 praecedente
665 2253 798 2302 ubique
825 2252 991 2300 frequens
1015 2253 1218 2301 primovere
1247 2258 1281 2285 et
1309 2257 1448 2301 aestate.
