2038 2875
734 187 896 213 AUCTORE
924 190 950 212 J.
977 182 1067 214 οΕΝὲ
1551 179 1571 212 3
1582 191 1593 212 ι

275 251 328 285 De
354 248 422 285 hoc
449 251 585 285 insecto
600 278 611 295 ,
639 251 806 300 Europae
827 259 963 286 tantum
986 251 1199 288 australioris
1222 250 1335 286 incola
1344 278 1355 295 ‚
1381 252 1599 286 mentionem

202 313 319 348 facere
348 319 592 360 opportunum
619 312 837 357 existimavi,
866 321 909 347 ut
935 313 1122 362 singularis
1162 322 1198 349 et
1223 314 1261 348 in
1290 312 1601 347 Lamellicornium

202 374 333 409 familia
358 386 501 422 prorsus
529 374 668 409 insolita
696 374 838 409 alterius
877 387 979 410 sexus
1017 375 1150 410 formae
1191 374 1363 410 anomalia
1396 375 1599 409 innotescat.

203 436 380 471 Auctores
409 437 447 470 in
473 437 684 485 synonymia
711 436 874 484 superius
900 435 996 470 allati
1021 437 1128 470 maris
1150 435 1329 470 dumtaxat
1348 434 1600 483 descriptiones

203 506 238 533 et
265 498 386 533 icones
415 497 559 532 edidere
581 511 588 531 :
616 497 769 533 feminae
797 497 907 545 igitur
932 496 1174 542 characteres,
1202 499 1263 545 qui
1291 496 1385 546 apud
1407 509 1465 531 eos
1485 509 1603 531 omnes

203 559 449 595 desiderantur
470 586 480 603 ,
507 557 566 594 hic
591 559 748 595 brev-iter
775 567 810 594 et
834 554 1079 594 lubentissime
1106 558 1294 608 proferam.

278 621 428 655 Femina
456 622 602 656 omnino
630 628 753 669 aptera
779 628 854 665 est,
887 621 1009 668 elytris
1042 633 1172 669 nempe
1212 619 1346 668 alisque
1380 620 1521 668 penitus
1548 619 1606 653 de-

205 683 329 718 stituta
357 681 448 730 (fig.
477 695 534 716 21.
561 682 582 716 b
600 683 624 729 ).
653 684 899 717 Antennarum
927 683 1042 725 clava,
1069 690 1109 716 ut
1135 683 1171 716 in
1197 694 1292 716 mare
1308 709 1318 725 ,
1345 680 1502 729 5-phylla
1518 708 1528 725 ,
1555 681 1605 715 la-

204 745 318 780 mellis
345 757 428 779 vero
455 744 561 793 longe
588 744 810 780 brevioribus
837 745 1054 779 efformatur.
1081 741 1223 777 Thorax
1249 743 1390 786 brevis,
1429 742 1607 778 subtrans-

205 820 326 843 versus
341 835 351 851 ,
368 819 475 856 supra
495 819 688 851 convexus,
709 807 855 841 minime
877 813 1064 841 excavatus
1085 812 1144 839 aut
1162 813 1314 849 retusus,
1336 804 1450 838 antice
1470 812 1606 838 tantum

206 868 365 905 obsolete
393 876 620 912 coarctatur,
647 869 881 917 margineque
907 867 1024 902 medio
1041 893 1050 911 ‚
1078 879 1172 915 pone
1199 873 1325 914 caput,
1352 865 1476 900 leviter
1503 865 1607 900 extol—

205 931 300 965 litur.
329 931 463 980 Capitis
482 931 578 966 linea
596 938 816 975 transversa,
845 931 1035 979 clypeique
1057 941 1176 977 margo
1204 929 1338 963 anticus
1360 927 1471 962 multo
1491 929 1607 961 minus

207 1006 314 1042 quam
341 994 379 1027 in
404 1005 503 1028 mare
531 1001 731 1042 assurgunt.
760 991 946 1027 Abdomen
978 992 1059 1040 pilis
1091 990 1329 1027 bret-iusculis
1356 989 1610 1024 lutescentibus

206 1055 366 1104 undique
408 1055 616 1104 adspersum
636 1082 647 1099 ‚
687 1054 777 1088 infra
814 1054 986 1102 planum,
1028 1066 1134 1101 supra
1170 1051 1270 1087 valde
1310 1063 1503 1086 convexum
1547 1059 1608 1085 est.

207 1117 332 1152 Tibiae
359 1118 496 1152 anticae
525 1116 712 1152 denticulis
740 1115 1007 1151 obsoletissimis
1034 1116 1267 1150 instruuntur.
1295 1115 1404 1162 Spina
1425 1121 1461 1147 et
1481 1113 1610 1146 lamina

209 1182 300 1215 intus
328 1187 489 1214 excavata
504 1207 514 1224 ,
541 1179 673 1228 quibus
700 1178 808 1213 tibiae
834 1179 991 1227 posticae
1012 1179 1050 1213 in
1066 1189 1164 1212 mare
1184 1176 1438 1219 terminantur,
1464 1175 1608 1211 omnino

209 1241 337 1277 des-unt
363 1243 401 1276 in
427 1241 569 1276 femina.
600 1241 702 1276 Tarsi
730 1249 848 1275 autem
875 1242 937 1289 qui
964 1242 1001 1274 in
1026 1252 1125 1274 mare
1151 1238 1319 1273 tibiarum
1351 1236 1610 1284 longitudinem

209 1303 409 1347 excedunt,
437 1305 473 1338 in
499 1303 630 1338 femina
658 1302 752 1338 tibiis
780 1311 864 1338 sunt
889 1302 1097 1346 breviores,
1124 1301 1177 1335 vel
1205 1307 1342 1334 tantum
1367 1297 1610 1346 subaequales.

283 1366 522 1400 Monstrosam
563 1364 715 1412 ideoque
757 1365 901 1398 omnino
928 1363 1108 1398 fortuitam
1139 1361 1229 1396 hanc
1262 1360 1411 1394 sormam
1447 1361 1610 1408 primitus

208 1429 382 1477 suspicavi
398 1455 408 1471 ‚
436 1426 500 1462 sed
526 1439 607 1461 cum
634 1427 829 1475 specimina
847 1425 1023 1474 permulta
1041 1432 1076 1460 et
1093 1435 1235 1473 semper
1260 1422 1436 1472 ipsissima
1453 1421 1608 1456 maribus

210 1489 361 1525 admixta
389 1503 407 1524 e
435 1491 579 1525 Corsica
606 1497 641 1523 et
668 1487 828 1522 Sardinia
853 1489 1074 1536 acceperim,
1100 1486 1295 1521 naturalem
1328 1495 1362 1521 et
1388 1492 1610 1520 constantem

210 1551 303 1587 hanc
337 1564 412 1587 esse
439 1552 569 1600 speciei
600 1549 839 1585 conditionem
879 1550 964 1584 mihi
1004 1562 1213 1598 persuasum
1252 1547 1368 1582 habui.
1409 1547 1607 1588 Ceterum,

210 1614 381 1663 perplura
419 1613 523 1662 hujus
563 1613 755 1648 anomaliae
783 1612 942 1661 exempla
973 1612 1195 1647 Insectorum
1232 1610 1348 1645 classis
1381 1607 1607 1657 suppeditat,

212 1678 263 1711 uti
289 1675 325 1710 id
351 1675 471 1710 videre
493 1676 601 1710 estin
621 1676 766 1723 DljfliS,
786 1675 824 1708 in
843 1673 1024 1709 nonnullis
1051 1672 1342 1722 Lampyridibzcs,
1369 1672 1404 1705 in
1430 1668 1607 1704 nonnullis

211 1737 459 1787 Lepidopteris
487 1738 685 1781 nocturnis,
714 1738 751 1772 in
776 1738 929 1772 [maculis
946 1765 957 1782 7
983 1743 1050 1770 etc.
