2038 2875
463 189 482 209 2
885 189 926 210 DE
955 185 1154 217 QUanSDAM
1183 184 1342 208 INSECTIS
1370 186 1447 208 ETC.

460 249 569 284 libido
603 250 762 283 animum
793 248 1052 284 nonnullorum
1087 248 1260 284 invaserit
1290 248 1410 282 omnia
1442 245 1559 296 quoad
1593 245 1801 282 methodum
1838 256 1875 283 et

460 311 770 346 nomenclaturam
796 309 955 347 funditus
984 310 1196 356 evertendi,
1235 311 1414 346 sectiones
1453 309 1657 358 saepissime
1689 311 1789 358 parvi
1817 319 1875 344 aut

460 373 594 408 nullius
622 373 793 408 momenti
820 375 1001 409 Generum
1027 374 1174 408 nomine
1204 381 1240 408 et
1277 372 1448 421 dignitate
1477 371 1664 416 donandi,
1704 371 1875 420 lususque

461 436 595 470 formae
622 443 682 470 aut
710 435 866 471 colorum
893 435 974 471 loco
1002 434 1252 470 characterum
1279 434 1524 470 essentialium
1554 432 1743 469 immodice
1769 446 1873 468 usur-

461 497 582 545 pandi.
623 498 722 533 Haec
750 496 915 546 adjuncta
942 499 1130 533 scientiam
1157 505 1318 533 nostram
1344 495 1416 545 jam
1442 497 1554 531 nimio
1581 496 1785 546 specierum
1812 508 1874 544 ge-

463 560 654 594 nuinarum
681 573 832 595 numero
860 560 1026 595 obrutam
1066 560 1262 604 intricant,
1303 560 1529 594 vitiosissima
1555 558 1767 607 synonymia
1798 570 1878 607 lxer-

463 622 642 665 miseent,
670 621 820 670 ideoque
848 622 885 657 in
913 635 1033 657 caussa
1060 623 1245 671 potissime
1275 628 1382 659 sunt,
1405 635 1470 655 cur
1495 621 1678 669 plerisque
1706 621 1878 655 Entomo-

462 684 574 731 logiae
598 683 765 718 studiosis
788 684 955 719 scientiae
976 696 1187 733 progressus
1214 684 1337 732 aequis
1355 683 1528 732 passubus
1545 685 1648 731 sequi
1667 682 1876 731 denegetur.

463 745 504 779 In
546 753 642 779 tanta
681 759 801 779 rerum
835 746 1104 794 perturbatione
1137 745 1357 794 periculosae
1391 746 1536 794 plenum
1573 745 1669 780 aleae
1700 749 1787 793 opus
1820 757 1877 779 me

465 807 608 856 aggredi
653 808 775 855 utique
815 808 961 851 sentio,
1002 808 1063 842 sed
1097 808 1284 842 consilium
1321 807 1454 851 subiit,
1494 807 1588 856 quod
1626 820 1755 855 magna
1790 806 1878 841 mihi

464 868 666 917 adjumenta
693 871 893 918 pariturum
920 869 1071 904 fidenter
1099 871 1268 904 existimo.
1296 870 1387 904 Cum
1416 871 1598 918 potissima
1624 870 1742 918 operis
1764 868 1878 904 nostri

466 931 653 966 difficultas
681 933 716 966 in
743 940 908 966 accurata
926 933 1127 981 specierum
1149 931 1443 967 determinatione
1468 940 1502 966 ct
1530 932 1743 979 synonymia
1763 931 1880 980 posita

469 995 511 1027 sit
533 1021 543 1037 ,
571 995 677 1029 statui
706 995 842 1042 species
870 1007 1016 1039 omnes,
1043 1007 1131 1042 quas
1158 994 1213 1028 vel
1242 1006 1365 1037 novas,
1385 994 1440 1028 vel
1468 995 1584 1029 minus
1612 994 1769 1042 cognitas
1787 1021 1797 1038 ,
1821 993 1878 1029 vel

466 1058 702 1090 contentiosas
722 1064 906 1103 putarem,
928 1055 1250 1104 Entomologorum
1278 1055 1393 1090 studio
1414 1063 1448 1090 et
1468 1055 1699 1104 disputationi
1726 1055 1881 1099 tradere,

466 1126 660 1166 antequam
677 1118 881 1167 specimen,
901 1130 1026 1153 recens
1044 1117 1269 1163 inchoatum,
1298 1118 1463 1154 omnibus
1489 1119 1648 1153 numeris
1678 1117 1880 1153 absolutum

465 1181 587 1230 praelo
615 1179 816 1215 mandetur.
863 1181 964 1224 Quae
1002 1193 1099 1216 nunc
1133 1180 1315 1229 prodeunt
1344 1181 1490 1216 Insecta
1517 1193 1583 1229 per
1611 1180 1797 1216 fasciculos
1825 1179 1879 1215 di-

466 1253 586 1293 gesta,
614 1243 916 1292 descriptionibus
943 1251 979 1278 et
1006 1243 1168 1278 iconibus
1195 1251 1319 1287 aucta,
1347 1242 1483 1291 jamdiu
1510 1250 1544 1278 et
1572 1243 1784 1287 strenuiori,
1812 1256 1882 1291 qua

465 1308 589 1355 potui,
616 1306 892 1355 investigatione
920 1305 1117 1354 perpendi,
1139 1307 1368 1354 comparavi,
1391 1305 1557 1350 distinxi;
1585 1305 1648 1341 sed
1674 1313 1713 1340 ut
1742 1306 1802 1354 qui
1829 1306 1881 1340 nil

464 1371 608 1405 humani
637 1384 656 1404 a
682 1381 740 1403 me
768 1368 922 1403 alienum
951 1380 1027 1403 esse
1054 1368 1205 1402 maxime
1234 1370 1386 1403 sentiam
1402 1396 1413 1413 ,
1440 1369 1595 1417 ingenue
1622 1367 1797 1417 profiteor
1822 1381 1881 1403 me

466 1433 664 1481 gratissimo
692 1433 811 1466 animo
840 1440 1073 1480 accepturum
1101 1430 1279 1479 quidquid
1306 1431 1373 1465 viri
1402 1430 1526 1475 docti,
1566 1431 1733 1480 quipari
1765 1430 1882 1466 studio

465 1495 557 1530 hane
584 1495 766 1530 scientiam
794 1493 976 1538 excolunt,
1003 1495 1211 1529 monuerint
1238 1502 1313 1528 tum
1342 1492 1385 1528 ad
1411 1495 1545 1528 rectius
1565 1493 1819 1529 constituenda
1841 1507 1881 1529 ea

466 1560 505 1593 in
533 1558 665 1606 quibus
694 1558 889 1592 erraverim
907 1584 917 1600 ,
945 1565 1021 1591 tum
1048 1556 1092 1591 ad
1119 1555 1406 1605 amplificandam
1434 1558 1635 1591 universam
1661 1569 1738 1591 rem
1765 1557 1881 1592 Ento-

465 1620 676 1668 mologicam
703 1618 790 1653 milii
816 1618 1121 1667 jucundissimam.
1161 1618 1345 1654 Judicium
1386 1618 1430 1653 ab
1472 1619 1637 1653 omnibus
1669 1619 1771 1653 enixe
1799 1629 1881 1666 peto

467 1690 573 1730 atque
601 1683 782 1729 efflagito,
808 1694 1014 1729 nomenque
1047 1683 1207 1716 omnium
1244 1683 1305 1730 qui
1338 1683 1500 1730 incaepto
1533 1689 1654 1716 nostro
1679 1680 1850 1716 favebunt
1869 1710 1879 1726 ,

467 1743 602 1779 honore
630 1751 665 1778 et
692 1744 815 1791 gratiis
844 1745 881 1777 in
907 1744 1103 1792 specimine
1131 1756 1340 1793 prosequar.

543 1807 649 1842 Hisce
676 1808 878 1855 praemissis
916 1814 1074 1856 praestat
1108 1815 1147 1842 ut
1187 1808 1361 1843 nonnulla
1402 1820 1566 1843 moneam
1586 1806 1637 1842 de
1668 1807 1878 1842 nomencla-

468 1877 567 1904 turae
593 1869 729 1903 ratione
746 1896 756 1913 ,
784 1882 893 1917 quam
920 1870 957 1904 in
985 1868 1051 1904 hoe
1078 1883 1187 1919 opere
1215 1870 1423 1906 servandam
1451 1870 1656 1905 existimavi.
1684 1891 1733 1896 —
1760 1867 1880 1904 Sardi-

467 1932 564 1966 niam
580 1960 589 1976 ,
615 1931 885 1980 Entomologiae
913 1945 1057 1976 caussa,
1085 1932 1191 1968 adivit
1217 1946 1310 1968 anno
1344 1932 1437 1967 1826
1466 1933 1646 1981 Georgius
1672 1932 1801 1975 DAnL,
1829 1931 1882 1965 in-

468 1992 666 2041 sectolegus
686 1993 961 2029 vindobonensis
982 1995 1229 2043 superioribus
1250 1994 1345 2030 hisce
1368 1995 1470 2029 annis
1489 1995 1560 2029 vita
1583 1994 1735 2029 functus.
1764 1993 1881 2028 Homo

468 2054 538 2089 iste
565 2055 772 2103 singularis,
795 2068 1009 2104 quamquam
1032 2071 1157 2105 agrum
1177 2057 1361 2092 dumtaxat
1382 2057 1633 2091 Karalitanum
1660 2055 1881 2099 lustraverit,

468 2117 651 2163 ingentem
678 2129 849 2151 novorum
875 2119 1103 2153 Inseetoruin
1127 2120 1266 2168 copiam
1297 2119 1462 2167 collegit,
1482 2117 1685 2153 nominibus
1705 2116 1881 2166 specificis

471 2177 594 2221 auxit,
635 2178 775 2226 lateque
808 2192 875 2226 per
906 2180 1087 2228 Europam
1107 2208 1117 2225 ,
1145 2182 1251 2217 nullis
1279 2181 1384 2216 editis
1412 2180 1728 2229 descriptionibus,
1755 2179 1879 2214 vendi-

473 2240 589 2283 tavit,
615 2247 740 2288 utpote
769 2241 829 2289 qui
867 2254 988 2276 rerum
1027 2244 1240 2278 naturalium
1267 2251 1504 2279 mercaturam
1536 2242 1698 2278 faciebat.
1741 2242 1878 2276 Harum
