2038 2875
717 194 875 219 memma
901 195 927 221 s.
955 189 1045 224 aare
1531 203 1577 241 29

257 256 361 304 Palpi
398 255 594 292 maxillares
634 257 845 303 4—articulati
861 285 871 302 ,
908 260 1057 295 articulo
1101 261 1226 297 ultimo
1266 262 1545 310 elongato-ovato
1567 292 1576 309 ‚

182 315 335 364 majore:
363 317 509 352 labiales
538 318 760 354 3-articulati.

260 379 409 425 Ungues
436 391 560 415 omnes
587 379 717 429 pedum
744 380 839 425 bini,
866 381 1040 430 profunde
1066 382 1180 428 bifidi,
1205 385 1406 432 unguiculis
1432 386 1576 423 internis

181 439 413 475 brevioribus.
441 441 516 489 Fig.
546 454 602 475 20.
629 441 665 475 Ιι.

257 502 336 536 Oss.
365 502 504 536 Novum
530 501 596 537 hoc
627 514 739 550 genus
765 502 884 538 sedem
911 504 1005 538 inter
1029 504 1269 541 Melolonthas‘
1290 515 1325 541 et
1352 506 1579 557 Rhisotrogos

182 574 327 609 poscere
354 561 441 596 mihi
467 562 621 607 videtur3
649 563 694 598 ad
719 563 952 600 Melolonthas
979 566 1074 600 enim
1101 566 1239 602 accedit
1265 570 1428 603 antennis
1467 583 1580 604 Io-ar·-

183 623 357 667 ticulatis,
386 624 483 658 clava
509 623 760 674 heptaphylla,
787 625 831 660 ad
859 626 1088 675 Rhisotrogos
1116 641 1199 664 vero
1226 628 1313 664 facie
1334 656 1345 673 ,
1384 639 1516 665 statura
1547 641 1582 666 eL

181 685 271 718 vitae
300 688 516 720 oeconomia.
563 688 716 735 Egregie
750 695 868 723 autem
901 688 1018 723 differt
1057 689 1100 724 ab
1139 690 1235 725 hisce
1262 691 1471 739 generibus,
1498 693 1580 728 reli-

183 747 334 794 quisque
363 747 526 783 omnibus
542 777 552 793 ‚
581 761 672 796 quae
701 763 720 783 a
747 750 1001 785 recentioribus
1034 752 1070 785 in
1098 750 1349 786 scarabeidum
1376 752 1583 802 phyllopha-

181 820 304 854 gor-um
333 808 462 843 familia
488 819 750 856 numerantur,
789 819 1023 846 antennarum
1064 812 1214 847 articulo
1241 814 1344 848 tertio
1372 815 1471 861 spina
1497 828 1581 863 pro-

179 871 327 905 minenti
354 880 389 906 et
422 872 522 908 valde
556 873 750 920 conspicua
782 873 956 908 instructo
976 901 985 917 ‚
1025 874 1273 923 unguibusque
1307 877 1470 912 omnibus
1498 891 1580 925 pro-

181 933 288 969 funde
317 935 443 970 bifidis.

607 1025 839 1058 ELAPHOCERA
865 1024 1036 1067 obseura,
1073 1025 1160 1058 Non.

772 1131 835 1156 Tab.
859 1140 879 1155 1.
900 1132 939 1163 fig.
959 1140 995 1156 20.

240 1242 363 1287 Capite
392 1240 611 1289 llzoraceque
637 1243 754 1287 nigris
777 1267 787 1284 ,
814 1240 933 1275 nitidis
948 1256 961 1283 5
988 1243 1112 1288 elytris
1141 1242 1292 1277 obscure
1319 1246 1493 1277 castaneis
1515 1270 1524 1286 ‚

373 1304 624 1338 obsoletissime
652 1305 858 1347 costlclatls,
878 1305 1065 1351 punctalis
1079 1320 1092 1346 ,-
1119 1303 1244 1338 subtus
1266 1307 1397 1351 pilosa.

460 1425 599 1474 Longit.
627 1425 689 1460 lin.
717 1425 739 1468 4
759 1432 792 1469 ζ,
821 1425 841 1460 5
864 1445 915 1452 ——
943 1427 1047 1460 Latit.
1076 1426 1136 1460 lin.
1167 1439 1185 1460 2
1209 1432 1244 1470 ξ,
1274 1426 1305 1461 3.

255 1550 383 1584 Dascn.
413 1549 529 1598 Caput
555 1562 636 1584 cum
664 1548 789 1597 clypeo
818 1549 931 1583 antice
959 1548 1185 1583 rotundatum
1202 1576 1210 1591 ,
1239 1550 1405 1597 nigrum,
1436 1548 1579 1584 creber-

182 1613 270 1647 rime
299 1620 333 1647 et
360 1620 413 1647 sat
438 1610 613 1660 profunde
646 1618 1023 1660 rugoso-punctatum,
1055 1610 1133 1658 pilis
1166 1610 1300 1659 longis,
1336 1611 1577 1655 tenuissimis,

183 1675 310 1710 erectis
339 1673 547 1722 adspersum
560 1700 570 1717 ‚
596 1672 714 1709 fronte
737 1673 992 1708 obsoletissime
1012 1681 1211 1707 transverse
1230 1673 1416 1721 impressa3
1436 1672 1579 1722 clypeus

182 1750 280 1771 lnssl'o'

260 1765 281 1786 ο

181 1800 422 1841 flavescentes,
450 1799 546 1833 clava
563 1799 670 1833 maris
689 1811 836 1846 magna,
856 1805 1015 1841 arcuata,
1037 1797 1251 1832 obscuriore.
1281 1796 1420 1831 Thorax
1439 1797 1575 1839 brevis}

284 1739 416 1780 inatus,
443 1736 663 1785 marginibus
690 1736 826 1771 reflexis
841 1763 851 1779 ,
880 1736 995 1770 antice
1022 1734 1196 1783 profunde
1224 1735 1363 1769 incisus.
1392 1735 1579 1770 Antennae

181 1861 399 1909 longitudine
427 1860 570 1894 dimidio
597 1860 725 1903 latior,
752 1860 867 1894 antice
895 1867 1096 1902 truncatus,
1123 1859 1256 1907 angulis
1288 1857 1500 1901 rotundatis,
1532 1859 1577 1893 la-

182 1923 315 1957 teribus
342 1922 479 1957 modice
508 1920 895 1964 rotundato-dilatatus,
917 1921 992 1956 basi
1011 1919 1219 1955 rotundatus
1232 1947 1242 1963 ,
1258 1933 1364 1968 supra
1391 1933 1577 1963 convexus,

181 1985 306 2032 niger,
334 1984 464 2019 nitidus
485 2011 495 2027 ,
524 1983 679 2032 undique
707 1983 832 2018 crebre
872 1991 907 2018 et
945 1982 1119 2031 profunde
1147 1990 1335 2031 punctatus
1352 2009 1361 2025 ,
1394 1981 1496 2015 dorso
1524 1995 1578 2015 ca-

149 2088 151 2094 ·
182 2047 388 2090 maheu-lam,
417 2046 494 2094 pilis
527 2046 800 2095 longiserectis
825 2045 1081 2080 rufescentibus
1109 2043 1152 2079 ad
1178 2045 1352 2091 margines
1380 2043 1576 2092 adspersus.

185 2108 379 2144 Scutelluin
405 2109 506 2157 apice
532 2107 783 2151 rotundatum,
822 2107 954 2142 thoraci
982 2107 1175 2151 concolor,
1215 2119 1322 2154 parce
1356 2113 1573 2154 punctatum.

183 2171 305 2218 Elytra
332 2171 470 2206 modice
498 2184 651 2206 convexa
668 2198 677 2214 ,
705 2171 855 2205 obscure
891 2177 1054 2204 castanea
1072 2196 1083 2212 9
1124 2167 1234 2203 nitida
1253 2196 1263 2213 ‚
1304 2166 1462 2216 undique
1489 2179 1575 2214 pun-

187 2241 277 2267 ctata
298 2261 307 2276 ‚
335 2235 439 2268 costis
466 2234 607 2269 elevatis
634 2233 898 2268 obsoletissirnis
941 2239 1060 2267 notata
1076 2258 1086 2274 ‚
1117 2230 1196 2279 pilis
1222 2231 1363 2278 paucis,
1404 2230 1572 2271 minutis,
