2038 2875
735 209 891 234 AUCTORE
918 211 944 234 s.
973 204 1061 235 caua
1579 203 1599 237 5

196 271 321 320 Suppl.
351 269 392 303 T.
421 269 455 304 5.
482 281 563 318 pag.
593 270 714 318 212),
741 271 803 306 sed
829 272 999 308 nonnulla
1026 271 1153 310 adsunt
1179 282 1387 324 argumenta
1413 287 1505 323 quae
1528 276 1598 312 cla-

198 332 331 367 rissimi
359 331 512 366 auctoris
540 333 752 367 sententiam
785 332 988 381 improbare
1014 334 1187 371 videntur.
1225 357 1275 363 —
1319 337 1358 371 C.
1389 339 1599 383 volgensiS,

198 401 289 429 teste
317 392 361 428 cl.
388 392 536 428 Bessero
564 407 583 427 a
611 407 681 442 quo
715 394 873 441 primum
907 395 1050 430 inventa
1068 423 1078 440 ,
1120 398 1213 446 ripas
1249 397 1384 446 Volgae
1405 424 1415 441 ,
1448 397 1600 447 ideoque

195 454 384 490 fluviorum
411 454 525 499 colit3
555 456 595 489 C.
622 458 817 503 imperialis
845 468 863 490 e
892 464 1017 491 contra
1044 457 1162 492 littora
1188 460 1295 494 maris
1320 458 1375 493 vel
1402 459 1522 507 plagas
1550 473 1602 495 sa-

195 516 286 551 linas
313 515 506 561 inhabitat,
526 523 632 565 quam
659 515 885 552 habitationis
907 517 1142 554 differentiam
1162 520 1305 568 plurimi
1330 520 1445 555 facere
1468 521 1600 556 diutina

195 578 397 613 observatio
425 591 483 612 me
517 577 648 612 docuit.
696 577 920 627 Frequentes
940 606 950 623 ,
990 580 1142 628 exempli
1175 582 1310 629 gratia,
1352 590 1541 616 occurrunt
1567 583 1602 617 iu

196 638 361 674 Sardinia
391 639 579 674 Cicindela
592 639 773 686 flexuosa
794 648 829 674 et
847 641 983 675 Sardoa
999 667 1009 685 ,
1028 641 1070 676 de
1091 655 1159 690 qua
1182 642 1289 686 infra,
1317 642 1379 678 sed
1406 656 1603 691 numquam

198 700 288 736 mihi
315 702 468 750 contigit
497 702 536 735 C.
550 701 769 747 flexuosam
797 700 841 736 ad
866 702 988 737 littora
1013 704 1144 746 maris,
1183 704 1238 738 vel
1279 705 1318 738 C.
1358 705 1525 739 „cardeam
1558 705 1601 739 ad

197 764 292 811 ripas
320 762 507 797 fluviorum
534 762 812 812 deprehendere.
857 763 932 798 Nec
962 763 1057 798 aliud
1089 764 1206 812 prodit
1245 765 1509 800 Cicindelarum
1536 765 1601 801 hu-

199 837 333 873 cusque
372 825 596 873 cognitarum
636 824 793 859 historia.
835 825 924 859 Sunt
963 837 1053 873 quae
1092 825 1221 873 procul
1261 825 1306 859 ab
1334 828 1433 874 aquis
1467 827 1598 875 degunt

197 887 302 933 (Cic.
330 889 562 934 campestris,
589 886 751 930 chloris,
778 889 968 934 ⁸gylvz'eola,
995 895 1060 921 etc.
1077 887 1108 933 >3
1137 895 1216 922 sunt
1243 901 1333 935 quac
1362 899 1463 923 secus
1483 902 1603 924 amnes

197 948 359 983 victitant
385 948 490 995 (Cic.
503 948 702 993 flexuosa,
721 948 897 996 hybrida,
923 951 1079 997 riparia,
1097 949 1357 995 lugdunensis,
1384 950 1492 996 etc.);
1521 959 1603 985 sunt

198 1009 354 1059 denique
381 1011 517 1058 species
547 1023 638 1058 quae
667 1023 743 1044 oras
771 1011 966 1045 maritimas
994 1021 1029 1045 et
1055 1010 1247 1045 salinarum
1273 1011 1419 1046 vicinias
1446 1011 1606 1047 incolunt

198 1072 308 1119 (Cic.
353 1073 522 1107 Gozcdotii
536 1099 545 1115 ,
589 1074 794 1115 maritima,
835 1075 1053 1118 trisignata,
1097 1076 1289 1107 nemoralis
1308 1100 1319 1116 ,
1360 1073 1448 1107 Oliv.
1495 1082 1559 1107 etc.
1578 1074 1601 1119 ).

199 1134 344 1182 Species
371 1134 458 1168 istae
487 1134 646 1181 quamvis
674 1145 778 1182 saepe
805 1133 917 1167 forma
944 1142 980 1168 et
1007 1133 1188 1169 coloribus
1228 1147 1455 1183 summopere
1483 1135 1600 1170 aflines

198 1195 334 1229 natales
362 1195 483 1243 plagas
499 1222 509 1239 ,
538 1208 609 1243 qua
635 1194 706 1229 late
733 1202 858 1243 patent
875 1221 886 1239 ,
913 1207 997 1242 vage
1024 1203 1288 1243 peragrantur,
1322 1195 1383 1230 sed
1409 1209 1605 1244 numquam

199 1255 533 1305 transgrediuntur,
561 1256 616 1290 vel
642 1256 795 1290 licenter
822 1264 1050 1291 commutant.
1093 1257 1149 1290 Ex
1182 1257 1384 1291 testimonio
1418 1258 1526 1305 igitur
1558 1258 1600 1291 cl.

199 1319 339 1353 Besseri
366 1326 473 1367 atque
501 1332 542 1353 ex
569 1317 730 1366 analogia
760 1317 831 1365 jam
863 1317 1013 1352 dubium
1045 1319 1191 1353 minime
1226 1318 1468 1366 spernendum
1495 1320 1606 1353 oritur

200 1380 244 1415 de
263 1379 448 1415 identitate
472 1378 638 1428 specifica
658 1381 697 1414 C.
718 1383 905 1426 volgensis
925 1386 961 1414 et
981 1381 1020 1414 C.
1040 1382 1253 1428 imperialis,
1284 1379 1344 1414 scd
1371 1380 1428 1413 alii
1451 1380 1604 1415 subeunt

200 1441 424 1477 characteres
452 1455 471 1475 a
498 1441 612 1476 forma
640 1449 675 1476 et
702 1440 820 1475 colore
848 1441 1100 1476 nonnullarum
1120 1442 1277 1490 partium
1298 1440 1425 1476 horum
1452 1442 1604 1476 insecto-

198 1517 279 1539 rum
307 1503 526 1553 deprompti,
547 1503 609 1550 qui
636 1501 741 1536 dubia
765 1510 886 1537 nostra
908 1503 1018 1552 magis
1044 1503 1226 1551 magisque
1253 1502 1383 1538 fovent.
1417 1509 1460 1536 1.⁰
1475 1503 1605 1538 Forma

199 1566 397 1614 elytrorum
426 1577 516 1613 quae
546 1579 565 1599 a
592 1564 634 1598 cl.
662 1564 798 1612 Dejean
824 1566 862 1599 in
889 1564 1128 1613 descriptione
1155 1574 1190 1599 et
1216 1565 1319 1599 icone
1353 1565 1393 1599 C.
1420 1568 1604 1611 volgensis

198 1628 334 1676 postice
362 1628 417 1661 vix
445 1627 590 1661 dilatata
616 1625 792 1670 traditur,
833 1626 868 1660 in
898 1627 938 1660 C.
966 1630 1143 1675 imperiali
1169 1626 1267 1661 valde
1295 1626 1435 1661 dilatata
1461 1629 1602 1675 conspi-

200 1690 302 1725 citur.
332 1696 378 1724 2.⁰
406 1690 651 1724 Antennarum
681 1688 850 1723 articulus
879 1689 1024 1736 quintus
1064 1696 1099 1723 et
1137 1697 1353 1737 sequentes,
1388 1690 1450 1737 qui
1488 1690 1525 1722 in
1563 1690 1602 1722 C.

199 1755 369 1799 volgensi
395 1751 718 1786 flavo-rufescentes
745 1749 986 1799 praebentur,
1028 1751 1065 1784 in
1105 1749 1283 1785 Cicindela
1315 1758 1435 1785 nostra
1461 1751 1603 1799 penitus

201 1814 342 1848 obscuri
370 1820 576 1848 occurrunt.
606 1813 652 1846 3.⁰
678 1812 869 1861 Palporum
897 1812 1066 1847 articulus
1094 1811 1261 1856 ultimus,
1295 1814 1355 1860 qui
1380 1811 1602 1846 albicio-rusc-

199 1888 301 1911 scens
329 1883 364 1910 et
390 1875 489 1923 apice
517 1881 664 1909 tantum-
684 1873 875 1908 infuscatus
910 1875 946 1908 in
978 1874 1116 1908 insecto
1157 1875 1288 1909 rossico
1323 1873 1531 1917 exhibetur,
1565 1875 1601 1907 in

200 1945 321 1973 nostro
349 1938 492 1986 penitus
518 1936 769 1984 nigro-aeneus
797 1944 831 1970 et
858 1935 1087 1970 nitidissimus
1116 1935 1222 1970 adest.
1262 1935 1310 1978 4⁰
1337 1936 1461 1970 Fascia
1487 1934 1602 1969 media

200 2012 350 2034 recurva
378 1998 458 2032 alba
485 1997 681 2046 elytrorum
703 2026 713 2043 ‚
751 2010 818 2032 nec
845 2010 919 2032 non
946 1997 1066 2031 lunula
1093 1996 1235 2045 apicalis
1262 1998 1342 2031 satis
1370 1995 1473 2044 longe
1501 2010 1520 2030 a
1547 2009 1601 2030 su-

201 2068 280 2096 tura
307 2061 476 2109 utrinque
504 2059 671 2095 desinunt
698 2061 735 2095 in
764 2061 803 2094 C.
831 2062 996 2106 volgensi
1013 2087 1024 2104 ,
1063 2067 1103 2093 ut
1129 2066 1249 2093 sutura
1276 2060 1426 2106 ipsamet
1456 2071 1520 2106 per
1548 2066 1601 2092 10-

201 2123 558 2171 tam'longitudinem
596 2122 832 2158 viridi-aenea
872 2120 1018 2166 evadat3
1057 2122 1094 2156 in
1129 2122 1169 2155 C.
1210 2123 1387 2169 imperiali
1418 2132 1473 2155 res
1501 2120 1600 2154 aliter

202 2182 309 2218 habet
324 2211 334 2227 ,
362 2198 444 2219 nam
470 2185 577 2220 fascia
604 2185 662 2220 illa
690 2193 724 2220 et
750 2184 869 2219 lunula
896 2192 1055 2219 suturam
1082 2183 1168 2219 adeo
1196 2183 1415 2226 osculantur,
1441 2190 1477 2216 ut
1504 2180 1599 2215 nulla

204 2246 347 2282 0'11111'1110
375 2246 477 2294 plaga
502 2246 728 2282 viridi-aenea
755 2248 848 2282 inter
874 2247 1015 2282 illarum
1042 2247 1156 2294 apices
1184 2253 1337 2293 superet.
1380 2243 1476 2278 Adde
1505 2241 1599 2289 (picti
