2038 2875
1540 173 1556 184 ‘s

717 180 876 204 AUCTORE
903 183 928 204 J.
958 175 1050 205 cmi:
1539 186 1586 220 «³9

172 241 503 292 purpureo-nitidis.
532 241 723 279 Abdomen
750 257 858 293 supra
885 257 993 293 parce
1021 252 1055 280 et
1084 245 1235 281 obscure
1265 258 1438 295 cupreum
1459 274 1468 291 ,
1496 247 1585 282 areis

172 304 503 340 semicircularibus
530 306 649 354 parvis
665 333 676 350 ‚
705 306 1091 342 aeneo-virescentibus
1110 335 1121 352 ‚
1149 307 1275 343 crebre
1302 308 1477 357 rugulosis
1493 335 1504 352 ,
1531 310 1584 343 ni-

172 366 272 412 tidis;
301 376 488 416 segmento
506 369 624 417 primo
643 369 779 417 postice
800 376 840 402 ut
859 368 1053 417 plurimum
1071 369 1375 418 longitudinaliter
1401 369 1584 405 radiatim-

171 431 338 480 strigoso:
367 430 493 466 subtus
514 431 660 479 penitus
681 429 1050 475 obscure-virescens,
1068 432 1378 479 punctatissimum
1394 460 1404 477 ,
1422 432 1587 480 pilosum,

169 492 252 541 pilis
280 492 527 537 brevissimis,
554 491 690 541 rigidis.
719 491 836 527 Pedes
863 491 994 538 validi,
1022 494 1235 539 incrassati,
1263 493 1354 529 laete
1381 494 1505 543 cuprei
1532 495 1587 529 vel

170 554 626 604 viridi-cupreo-nitentes,
644 555 746 590 tarsis
769 554 1043 601 virescentibus3
1071 555 1241 591 tibiarum
1267 555 1486 605 posticarum
1514 556 1584 591 cal-

169 633 250 656 care
282 618 459 655 exteriore
501 621 602 669 apice
637 619 782 655 dilatato
801 648 810 665 ,
846 619 991 669 oblique
1020 628 1209 666 truncat03
1237 620 1437 670 unguiculis
1472 634 1584 670 usque

171 682 216 718 ad
242 682 345 719 basin
372 681 491 728 fissis;
520 683 622 718 tarsis
650 683 687 718 in
715 690 872 732 utroque
900 695 982 719 sexu
1009 682 1236 733 simplicibus.

249 745 332 781 Obs.
360 745 478 781 Meloe
504 752 628 781 noster
656 745 744 780 Mel.
772 748 956 792 variegato
996 744 1117 780 Leach
1156 745 1315 794 proxime
1343 745 1497 790 accedit,
1524 745 1584 781 sed

171 807 356 843 evidenter
383 807 528 853 differt,
568 808 782 857 praesertim
820 806 964 843 thorace
1002 806 1242 856 subquadrato
1263 835 1274 853 ‚
1317 806 1493 856 profunde
1521 809 1582 842 tri-

172 870 326 916 sulcato,
353 869 549 906 tuberculis
590 869 787 919 elytrorum
826 868 927 905 valde
960 869 1145 905 latioribus
1165 897 1175 914 ‚
1215 870 1395 918 totiusque
1429 870 1587 918 corporis

172 933 357 982 sculptura
384 933 503 968 minus
534 931 706 967 conferta.
735 932 882 968 Colores
910 933 947 967 in
976 934 1098 982 specie
1132 931 1260 968 Sardoa
1292 931 1474 967 dilutiores
1507 944 1584 966 sen-

173 997 311 1044 simque
346 995 525 1030 imminuti
559 994 676 1044 plagas
709 995 765 1030 vel
799 995 923 1030 fascias
965 996 1083 1030 minus
1123 994 1284 1029 definitas
1325 996 1363 1029 in
1390 993 1585 1029 abdominis

172 1066 275 1106 parte
304 1070 433 1107 supera
461 1058 635 1106 effingunt
643 1085 654 1102 ‚
680 1056 861 1106 pedesque
890 1057 1055 1092 crassiori
1082 1064 1260 1092 structura
1279 1055 1444 1105 gaudent.
1470 1056 1521 1090 Ut
1541 1055 1587 1089 al-

173 1121 263 1155 latae
280 1148 290 1163 ‚
318 1120 479 1168 aliaeque
508 1119 730 1155 differentiae
757 1119 884 1155 melius
913 1120 1155 1165 innotescant,
1184 1118 1413 1154 conferantur
1441 1130 1585 1153 accura-

173 1184 328 1218 tissimae
355 1183 490 1218 Meloei
508 1185 682 1231 variegati
701 1181 957 1232 descriptiones
977 1190 1013 1217 et
1033 1183 1169 1225 icones,
1190 1194 1276 1230 quas
1295 1181 1337 1216 cl.
1358 1181 1427 1215 viri
1448 1179 1585 1223 Leach,

174 1245 310 1280 Brandt
338 1254 373 1279 et
413 1244 591 1280 Erichson
631 1244 804 1289 edidere,
832 1244 891 1279 ille
926 1245 961 1279 in
992 1244 1185 1280 Transacc.
1217 1243 1265 1293 of
1281 1242 1339 1278 tlze
1365 1243 1469 1277 Linn.
1501 1242 1584 1277 Soc.

175 1308 238 1343 vol.
253 1307 307 1343 XI
320 1335 330 1351 ,
351 1305 409 1342 hic
436 1314 557 1342 autem
575 1307 613 1342 in
630 1307 744 1343 Novis
769 1309 860 1343 actis
872 1307 978 1356 phys.
996 1306 1085 1341 med.
1116 1305 1226 1341 Aead.
1244 1306 1350 1352 Leop.
1375 1305 1496 1339 Carol.
1513 1312 1583 1339 nal,

177 1372 266 1406 Cur.
294 1369 362 1405 vol.
389 1370 478 1404 XVI
505 1376 608 1418 parte
635 1370 768 1417 priore.

728 1742 1040 1762 -—-÷<-—-—--
