2038 2875
751 188 913 213 Anca-ona
939 189 965 213 J.
992 183 1084 214 GEmss:
1574 183 1615 217 13

213 250 395 300 depictam
424 257 460 285 et
485 248 685 286 luculenter
711 264 731 286 a
757 251 801 287 cl.
827 251 948 288 Brulle
976 252 1192 303 descriptam
1219 253 1319 290 sistit.
1347 253 1424 289 Hoc
1452 266 1534 291 vero
1561 256 1615 291 in-

213 320 351 349 sectum
366 339 376 357 ,
404 312 489 347 licet
514 312 586 360 jam
613 312 839 362 evulgatum,
862 314 902 348 in
928 316 1132 352 recensione
1158 324 1281 352 nostra
1305 315 1538 352 adnumerare
1559 331 1618 367 op-

213 382 408 425 portunum
437 374 523 410 duxi
542 402 553 420 ,
579 383 620 411 ut
636 403 647 420 ‚
689 377 726 410 in
756 376 1006 426 Peloponneso
1034 391 1135 414 secus
1162 380 1334 414 Eurotam
1360 393 1474 428 nuper
1500 380 1618 416 inven-

212 445 314 483 tum,
341 437 469 473 Sardoa
497 450 640 486 quoque
667 438 808 473 civitate
836 437 1001 474 donetur.

370 575 423 597 12.
450 562 644 597 Burnssrls
672 561 990 612 (Clzalcoplzora)
1015 566 1233 611 stigmatiea‚
1261 564 1482 600 SCHONHERR.

214 687 511 730 Punctatissima,
537 686 663 721 subtus
683 685 968 736 rubro—cuprea,
989 700 1100 736 supra
1120 691 1300 737 aequalis,
1321 691 1445 735 nigra,
1471 701 1619 736 cupreo-

265 751 444 783 atomaria
458 765 472 792 ‚-
499 751 625 797 εζγίνίε
646 751 793 797 punctis
820 757 979 797 quatuor
1000 748 1152 797 palliclis
1176 753 1367 798 impressis.

290 872 529 917 Senounssnn,
555 872 693 921 Synon.
722 872 853 909 Inseet.
882 872 923 908 T.
960 886 985 907 1.
1028 885 1110 921 pars
1138 873 1202 907 III.
1244 871 1395 922 append.
1429 886 1509 921 pag.
1544 887 1620 920 119.

389 940 440 969 n.⁰
471 934 550 978 164.

290 1059 474 1107 Insignem
501 1057 592 1093 hanc
619 1057 775 1106 speciem
801 1058 926 1093 nullibi
953 1057 1125 1094 hactenus
1150 1065 1401 1107 praeterquam
1434 1058 1469 1092 in
1501 1059 1621 1093 Persia

215 1129 322 1170 atque
342 1122 376 1156 in
397 1121 493 1170 Syria
508 1128 687 1170 repertam
706 1133 748 1155 ex
768 1134 853 1170 agro
867 1121 1073 1155 Karalitano
1091 1121 1186 1156 misit
1199 1120 1241 1155 cl.
1257 1119 1277 1153 J
1281 1132 1327 1155 os.
1341 1119 1396 1154 Al.
1411 1119 1619 1164 Peirolerio,

215 1183 452 1232 Entomologo
480 1183 679 1218 taurinensi
707 1182 930 1227 doctissimo,
958 1182 1165 1218 Leonardus
1192 1182 1236 1217 de
1262 1183 1450 1227 Prunner;
1478 1194 1519 1217 ex
1538 1194 1620 1230 agro

217 1253 336 1281 autem
362 1246 548 1294 Iglesiensi
575 1245 698 1280 retulit
724 1244 885 1293 Aloysius
912 1245 1029 1293 Regis.
1056 1246 1147 1280 Mus.
1163 1244 1267 1279 Taur-

462 1381 513 1403 12.
540 1369 735 1404 Bumswxs
758 1368 774 1416 (
798 1368 1046 1417 Gyplzonota)
1072 1367 1218 1403 sibiriea
1234 1394 1244 1411 ,
1272 1367 1375 1402 FABR.

231 1494 371 1542 Efftris
399 1495 569 1540 integris,
595 1496 685 1527 atris
691 1508 704 1536 ,·
731 1494 832 1526 vittis
858 1491 998 1527 duabus
1025 1493 1208 1540 impressis
1233 1492 1606 1526 cinereo-tomentosis.

290 1618 396 1652 FABR.
425 1617 520 1664 Syst.
547 1614 693 1651 Elezctlz.
722 1616 764 1650 T.
791 1615 837 1650 II.
864 1628 944 1665 pag.
974 1615 1057 1650 203.
1084 1627 1144 1663 97.

292 1679 421 1714 Secum.
448 1679 587 1727 Synon.
615 1679 744 1714 Insect.
771 1677 812 1712 T.
841 1678 868 1712 I.
896 1689 978 1727 pars
1006 1677 1068 1712 ΠΙ.
1097 1689 1175 1725 pag.
1205 1676 1286 1712 250.
1314 1681 1362 1710 n.⁰
1394 1676 1471 1723 189.

234 1737 235 1758 i

266 1803 369 1838 Hanc
397 1814 541 1851 quoque
569 1802 723 1850 speciem
744 1828 754 1845 ‚
793 1800 837 1835 ad
873 1799 989 1849 Cyph.
1021 1800 1181 1847 irfiatam
1212 1798 1286 1847 Dej.
1306 1826 1317 1843 ,
1345 1810 1452 1846 quam
1477 1797 1618 1832 nomine

215 1872 352 1899 tantum
380 1865 487 1907 novi,
514 1863 634 1898 forsan
660 1862 885 1899 referendam
913 1875 953 1898 ex
980 1875 1063 1910 agro
1090 1861 1272 1910 Iglesiensi
1309 1859 1429 1894 retulit
1455 1857 1617 1905 Aloysius

218 1927 332 1976 Regis.
360 1927 451 1962 Mus.
479 1926 587 1961 Taur.
