2038 2875
476 175 498 207 8
901 183 944 206 niz
973 160 1172 212 QUIBUSDAM
1191 179 1348 204 xNSEC'rxs
1376 180 1454 204 mc.

471 245 667 281 Dalmatiae
683 271 693 288 ,
721 251 787 279 etc.
815 251 1017 293 comparata
1043 242 1243 293 proceriori
1270 250 1306 278 et
1330 241 1495 278 validiori
1522 248 1656 279 statura
1680 249 1885 280 constanter

473 306 651 342 excellunt
689 307 831 355 (Long.
864 306 924 341 lin.
960 320 978 355 7
999 311 1011 349 ξ
1036 324 1080 333 ·—
1111 305 1216 341 Latii.
1250 304 1312 340 lin.
1347 304 1414 353 3).
1455 303 1655 341 varietates
1688 312 1806 341 autem
1839 304 1883 341 ab

472 369 676 404 auctoribus
703 376 917 404 memoratas
945 376 1051 417 atque
1078 369 1116 402 in
1143 367 1271 404 Italica
1297 366 1487 417 peninsula
1512 366 1676 417 vulgares
1694 394 1703 412 ,
1741 367 1884 417 punctis

471 431 610 467 duobus
637 431 763 467 mediis
792 431 989 481 elytrorum
1017 429 1299 474 confluentibus,
1325 429 1382 465 vel
1403 428 1522 466 colore
1542 428 1778 465 dilute-viridi
1797 442 1883 480 per-

470 493 560 528 fusas
593 493 718 528 nullibi
757 506 824 542 per
863 492 1062 528 Sardiniam
1082 519 1093 537 ‚
1131 491 1193 527 uhi
1233 492 1367 541 species
1403 492 1523 541 typica
1558 490 1881 540 frequentissima,

470 555 588 591 obvias
616 555 732 590 habui.

840 643 872 687 4.
901 643 1098 677 CicmmzLA
1123 641 1258 677 sardon
1286 641 1369 688 (1),
1396 641 1510 676 ΒΑΜ.

468 754 588 802 Sapra
620 753 774 788 obscure
811 765 1104 801 cup7¹eo-aenea;
1144 755 1271 800 elytrz's
1301 755 1429 787 lunula
1461 751 1645 788 humerali
1675 755 1882 802 interrupta

518 818 722 865 apicaliqzce
738 842 748 860 ,
774 818 890 863 striga
917 815 1030 851 media
1057 828 1211 852 recurva
1233 817 1452 865 punctisque
1479 822 1640 864 quatuor·
1667 814 1768 850 albis.

589 927 755 971 ΒΕΠΞΑΝ,
783 926 886 976 Spe'c.
909 927 992 974 ge'n.
1022 925 1144 975 Suppl.
1173 926 1215 961 T.
1245 926 1276 962 5.
1304 939 1384 975 pag.
1416 925 1498 960 252.

514 1048 568 1084 Ad
594 1048 715 1084 littora
742 1049 850 1084 maris
877 1047 1014 1098 ubique
1041 1049 1236 1098 fi“eq11en5‚
1263 1062 1347 1084 mm.
1376 1050 1506 1099 aprili,
1535 1049 1648 1098 majo,
1677 1049 1787 1099 junio.

566 1111 648 1146 Obs.
677 1111 827 1148 Femina
846 1112 959 1147 variat
978 1111 1162 1147 interdum
1183 1112 1346 1161 margine
1365 1111 1563 1161 elytrorum
1591 1126 1610 1147 a
1636 1112 1745 1161 striga
1763 1112 1881 1147 media

463 1172 506 1208 ad
534 1175 673 1222 apicem
701 1173 791 1208 albo.
820 1173 901 1208 Huc
930 1182 1026 1209 certe
1054 1182 1194 1222 spectat
1223 1175 1263 1208 C.
1290 1175 1529 1221 circumflexa
1561 1173 1653 1209 Dahl
1681 1183 1716 1210 et
1741 1174 1879 1223 Dejean

464 1236 601 1283 (δρός.
627 1237 708 1283 ge'n.
737 1237 780 1271 T.
809 1235 842 1271 5.
872 1236 995 1285 Suppl.
1023 1249 1103 1285 pag.
1133 1236 1262 1284 253),
1305 1249 1412 1285 quam
1450 1249 1523 1272 non
1550 1236 1661 1272 semel
1688 1237 1724 1271 in
1751 1237 1879 1286 copula

463 1296 682 1346 deprehendi
711 1311 792 1333 cum
818 1311 917 1334 mare
944 1298 1076 1348 typico.

888 1421 922 1458 5.
951 1423 1118 1459 DRoimth
1145 1423 1298 1459 Sturmii
1316 1451 1327 1469 ,
1359 1424 1447 1459 Non.

591 1548 953 1596 Nigro-subaeneus5
981 1553 1107 1597 egytris
1134 1553 1289 1594 seriatis,
1317 1553 1517 1586 interstitiis
1539 1556 1725 1600 punctalis
1740 1579 1751 1596 ,

849 1614 992 1646 macula
1018 1625 1150 1658 magna
1178 1612 1359 1647 humerali
1384 1612 1480 1646 alba.

587 1732 758 1767 Dromius
786 1734 1008 1781 quaclrillzcm
1024 1761 1034 1778 ,
1062 1746 1134 1768 var.
1162 1734 1200 1768 B.
1240 1734 1387 1779 STURM,
1415 1734 1687 1771 Deutsclzlands
1720 1737 1873 1781 Rama,

687 1795 727 1829 T.
758 1808 790 1844 7.
818 1808 898 1844 pag.
928 1795 985 1841 45.
1013 1796 1083 1831 tab.
1114 1810 1170 1845 70,
1197 1795 1255 1845 fig.
1283 1797 1322 1832 B.

535 1917 614 1953 Hoc
642 1918 820 1955 insectum
835 1947 845 1963 ‚
868 1928 1070 1956 constanter
1090 1920 1376 1966 lai-maculatum,
1397 1924 1560 1972 repetitis
1588 1923 1728 1959 vicibus
1749 1924 1869 1959 obser-

461 1980 536 2014 vavi
563 1979 606 2014 ad
632 1981 727 2029 ripas
755 1981 930 2030 glareosas
958 1983 1018 2019 del
1043 1985 1112 2019 Rio
1141 1984 1179 2019 cli
1204 1985 1299 2020 Pala
1315 2011 1325 2028 ‚
1355 1997 1401 2019 m.
1429 1986 1575 2029 martio,
1595 1994 1631 2021 et
1656 1977 1721 2021 dei
1741 1987 1810 2020 Rto
1836 1987 1874 2021 (li

503 2152 541 2185 (ι)
559 2152 780 2186 Orthograpliium
799 2154 911 2178 nominis
930 2164 943 2179 a
967 2154 1082 2187 Georgio
1106 2156 1174 2180 Dahl
1199 2156 1260 2180 huic
1286 2156 1381 2189 speciei
1406 2157 1519 2190 impositi
1538 2157 1613 2190 (Cic.
1635 2157 1751 2189 sardea)
1775 2160 1859 2184 corri-

471 2198 577 2230 gendam
595 2198 656 2223 duxi
669 2219 675 2230 ,
694 2199 801 2225 sardoas
820 2200 891 2226 enim
905 2220 911 2232 ,
931 2208 984 2226 non
1002 2200 1108 2226 sar-deas
1127 2202 1165 2228 vel
1184 2201 1277 2227 sardas
1295 2202 1430 2229 Sardiniae
1448 2212 1488 2228 res
1512 2207 1537 2227 et
1559 2203 1655 2229 incolas
1679 2213 1770 2230 vocure
1792 2213 1857 2230 con-

471 2248 609 2271 sueverunt
627 2244 724 2270 Latini.
