2038 2875
467 156 510 190 16
885 165 928 186 m:
955 154 1155 193 Qunmsmm
1183 160 1337 185 msnc'rxs
1365 162 1443 184 E'rc.

582 228 665 262 Var.
692 226 730 274 α)
756 223 920 262 Thorace
946 225 1143 274 sanguineo
1170 224 1312 260 macula
1338 224 1468 274 magna
1493 224 1624 274 nigra,
1666 224 1804 274 postice
1831 228 1874 262 si-

458 298 587 335 nuata;
615 288 903 324 trochanteribus
931 286 1028 323 rufis.

579 353 663 388 Var.
692 352 730 399 b)
758 350 923 387 Thorace
950 350 1144 399 sanguineo
1171 348 1311 384 macula
1350 362 1483 398 magna
1523 350 1628 399 nigra
1662 351 1780 387 antice
1807 363 1873 400 po-

454 418 616 465 sticeque
644 415 793 451 sinuata.
1235 412 1238 415 ’

579 479 663 513 Var.
690 478 727 525 c)
755 476 919 512 Thorace
953 485 1048 520 atro,
1080 476 1244 524 margine
1286 474 1406 511 antico
1440 482 1476 511 et
1502 476 1638 525 postico
1665 476 1873 512 tenuissime

454 542 654 591 sanguineis
677 554 684 584 3
712 537 999 574 trochanteribus
1027 550 1168 586 auoque
1195 536 1293 571 rufis.

577 604 661 637 Var.
689 602 729 648 cl)
756 600 921 636 Thorace
947 609 1047 646 atro,
1073 601 1234 648 margine
1261 600 1382 635 antico
1410 600 1618 636 tenuissime
1653 601 1871 650 sanguine03

452 667 627 701 semorum
654 664 729 700 basi
758 672 793 699 et
820 664 947 712 apice,
977 662 1241 712 anoque'rufis.

575 727 660 762 Var.
689 727 725 772 e)
753 726 914 761 Thorace
943 733 1020 761 atro
1039 753 1049 770 ,
1079 726 1216 775 augulis
1245 726 1394 775 posticis
1426 727 1656 775 sanguineis3
1696 726 1872 763 semorum

451 791 526 827 basi
555 799 592 826 et
619 790 719 838 apice
746 788 842 824 rufis.
872 810 920 816 -
946 790 1001 824 El.
1027 791 1221 835 angularis
1244 816 1254 833 ,
1283 787 1384 823 Dahl.
1413 789 1505 824 Mus.
1534 790 1646 824 Taur.

524 853 655 888 DEscn.
683 851 927 888 Praecedente
942 852 1061 886 minor
1081 859 1116 886 et
1136 853 1340 900 angustior.v
1359 851 1478 900 Caput
1498 859 1537 886 ut
1556 853 1594 886 in
1615 851 1867 901 praecedente.

450 917 638 951 Antemnae
667 917 784 964 capite
813 914 1026 963 thoraceque
1054 914 1161 949 simul
1201 915 1326 949 sumtis
1365 914 1546 962 longiores
1564 941 1574 959 ,
1614 913 1843 950 subserratae
1862 941 1873 958 ‚

449 978 608 1013 articulis
636 978 773 1013 duobus
800 977 943 1023 baseos,
971 978 1087 1026 primo
1115 990 1220 1025 saepe
1248 977 1349 1026 apice
1383 984 1550 1022 tantum,
1588 976 1687 1012 rufis.
1728 976 1873 1013 Thorax

447 1040 733 1089 coleopterorum
760 1040 974 1086 latitudine,
1004 1040 1211 1076 tenuissime
1240 1048 1276 1075 et
1302 1039 1495 1075 confertim
1522 1039 1754 1089 punctulatus
1773 1068 1783 1084 ,
1813 1053 1874 1075 an-

446 1104 516 1138 tice
545 1103 859 1149 convexiusculus,
886 1104 1040 1153 ‘postice
1084 1102 1249 1147 declivis,
1292 1102 1430 1152 angulis
1473 1103 1621 1152 posticis
1660 1102 1870 1152 productis,

445 1167 563 1201 acutis.
592 1166 791 1201 Scutellum
820 1174 856 1201 et
883 1167 1023 1215 elytra',
1051 1166 1105 1200 uti
1132 1167 1171 1200 in
1198 1165 1450 1214 praecedente.
1481 1165 1622 1215 Corpus
1654 1165 1777 1201 subtus
1811 1167 1867 1201 ni—

445 1241 564 1275 grum,
606 1228 784 1273 nitidum,
825 1228 1036 1277 pubescens.
1080 1227 1196 1263 Pedes
1235 1228 1303 1263 rufi
1321 1255 1332 1272 ,
1371 1227 1568 1264 femoribus
1599 1235 1639 1263 ut
1670 1229 1868 1277 plurimum

445 1291 614 1327 obscuris.

520 1354 601 1389 Obs.
646 1355 781 1389 Mirum
808 1353 979 1403 equidem
1021 1367 1094 1389 non
1127 1362 1221 1390 esset
1259 1366 1319 1389 me
1357 1355 1400 1389 in
1438 1353 1668 1389 varietatibus
1700 1352 1804 1402 hujus
1832 1362 1868 1389 et

445 1416 692 1465 praecedentis
721 1416 961 1466 Cardiophori
988 1416 1220 1453 recensendis
1249 1417 1406 1466 speciem
1433 1416 1592 1465 aliquam
1617 1417 1803 1466 propriam
1831 1424 1867 1451 et

443 1480 728 1529 distinguendam
757 1479 975 1517 confudisse:
1003 1480 1085 1524 sed,
1108 1480 1247 1515 diutina
1265 1479 1350 1515 licet
1377 1487 1414 1515 et
1440 1480 1688 1515 strenuissima
1707 1478 1867 1514 adhibita

444 1542 729 1591 investigatione,
758 1543 899 1578 nullum
926 1542 1109 1592 hucusque
1132 1541 1359 1592 deprehendi
1380 1541 1627 1577 characterem
1641 1569 1652 1587 ,
1673 1542 1736 1591 qui
1756 1554 1866 1577 unam

444 1603 638 1640 alteramve
679 1605 820 1640 illarum
853 1606 1066 1641 varietatum
1107 1614 1230 1642 exacte
1264 1604 1513 1641 discriminare
1553 1604 1747 1639 videretur.
1788 1604 1863 1639 Nec

445 1666 594 1714 copulae
614 1693 623 1709 ,
653 1680 740 1715 quas
768 1680 848 1702 raro
876 1667 1074 1713 observavi,
1104 1668 1291 1718 quidpiam
1319 1667 1364 1702 ad
1391 1667 1541 1702 dubium
1569 1666 1658 1702 illud
1684 1667 1865 1703 resolven—

443 1727 528 1762 dum
555 1730 779 1776 praestitere.
806 1730 1026 1765 Varietatem
1045 1732 1083 1779 a)
1106 1730 1358 1781 Cardioplzori
1374 1732 1511 1777 argioli
1530 1743 1613 1765 cum
1630 1731 1801 1766 varietate
1819 1730 1860 1776 d)

441 1790 598 1839 junctam
625 1792 733 1826 semel
762 1791 911 1837 offendi3
939 1794 1146 1829 varietatem
1167 1803 1287 1830 autem
1314 1795 1351 1841 c)
1379 1794 1541 1829 varietati
1568 1793 1606 1841 α)
1633 1794 1703 1842 jam
1730 1806 1867 1828 memo-

441 1861 538 1888 ratae
565 1866 637 1889 non
665 1853 827 1903 junctam
846 1883 856 1899 ,
902 1854 965 1890 sed
991 1856 1209 1892 insidentem
1225 1885 1236 1903 ,
1279 1857 1389 1893 semel
1416 1858 1524 1892 etiam
1550 1855 1624 1891 vidi
1651 1857 1689 1892 in
1715 1855 1861 1892 floribus

442 1915 617 1965 Crataegi.
663 1917 955 1967 Cardioplzorum
983 1922 1189 1955 ulcerosum
1215 1933 1288 1955 una
1316 1927 1456 1954 tantum
1483 1921 1557 1955 vice
1585 1919 1791 1969 copulatum
1825 1919 1863 1953 in

444 1977 567 2012 iisdem
594 1979 738 2015 floribus
767 1981 908 2017 obvium
936 1980 1059 2017 habui:
1087 1984 1238 2019 varietas
1265 1984 1302 2030 c)
1328 1983 1491 2017 varietati
1518 1982 1558 2030 a)
1586 1982 1859 2017 admiscebatur.

442 2040 535 2074 Cum
562 2054 645 2089 ergo
673 2055 715 2076 ex
743 2044 955 2091 copularum
982 2044 1234 2081 observatione
1263 2053 1300 2080 et
1328 2053 1462 2081 attento
1498 2046 1659 2095 corporis
1687 2044 1860 2079 scrutinio

442 2102 492 2137 nil
519 2105 608 2138 certi
636 2105 712 2138 erui
740 2107 850 2153 possit
893 2105 989 2154 quod
1030 2107 1074 2141 ad
1105 2107 1225 2155 plures
1259 2108 1394 2155 species
1438 2107 1705 2144 constituendas
1732 2115 1858 2153 vocet,

442 2165 514 2199 illas
541 2167 704 2214 picturae
733 2165 964 2211 differentias,
993 2169 1154 2217 quamvis
1182 2182 1287 2218 saepe
1315 2171 1609 2219 speciosissimas,
1645 2171 1857 2206 varietatum

443 2228 520 2263 loco
548 2236 583 2263 et
609 2231 728 2277 pretio
755 2242 894 2265 sumere
922 2239 1163 2280 opportunum
1190 2230 1353 2281 judicavi.
