<?xml version="1.0" encoding="UTF-8"?>
<!DOCTYPE html PUBLIC "-//W3C//DTD XHTML 1.0 Transitional//EN"
    "http://www.w3.org/TR/xhtml1/DTD/xhtml1-transitional.dtd">
<html xmlns="http://www.w3.org/1999/xhtml" xml:lang="en" lang="en">
 <head>
  <title>
</title>
<meta http-equiv="Content-Type" content="text/html;charset=utf-8" />
  <meta name='ocr-system' content='tesseract 3.04.00' />
  <meta name='ocr-capabilities' content='ocr_page ocr_carea ocr_par ocr_line ocrx_word'/>
</head>
<body>
  <div class='ocr_page' id='page_1' title='image "./dequibusdaminsec00gen_0019.png"; bbox 0 0 2038 2875; ppageno 0'>
   <div class='ocr_carea' id='block_1_1' title="bbox 727 183 1590 219">
    <p class='ocr_par' dir='ltr' id='par_1_1' title="bbox 727 183 1590 219">
     <span class='ocr_line' id='line_1_1' title="bbox 727 183 1590 219; baseline 0.003 -5"><span class='ocrx_word' id='word_1_1' title='bbox 727 190 888 219; x_wconf 65' lang='lat' dir='ltr'><strong>werona</strong></span> <span class='ocrx_word' id='word_1_2' title='bbox 913 191 940 214; x_wconf 78' lang='lat' dir='ltr'><strong>s.</strong></span> <span class='ocrx_word' id='word_1_3' title='bbox 969 183 1058 214; x_wconf 66' lang='lat' dir='ltr'><strong>Gi-:nfi</strong></span> <span class='ocrx_word' id='word_1_4' title='bbox 1552 194 1563 216; x_wconf 91' lang='lat'>1</span> <span class='ocrx_word' id='word_1_5' title='bbox 1578 195 1590 217; x_wconf 93' lang='lat'>1</span> 
     </span>
    </p>
   </div>
   <div class='ocr_carea' id='block_1_2' title="bbox 180 250 1597 1284">
    <p class='ocr_par' dir='ltr' id='par_1_2' title="bbox 180 250 1597 737">
     <span class='ocr_line' id='line_1_2' title="bbox 185 250 1597 303; baseline 0.002 -15"><span class='ocrx_word' id='word_1_6' title='bbox 185 252 281 289; x_wconf 82' lang='lat' dir='ltr'><strong>ultra</strong></span> <span class='ocrx_word' id='word_1_7' title='bbox 307 250 467 288; x_wconf 85' lang='lat' dir='ltr'><strong>medium</strong></span> <span class='ocrx_word' id='word_1_8' title='bbox 493 252 547 287; x_wconf 85' lang='lat' dir='ltr'><strong>vix</strong></span> <span class='ocrx_word' id='word_1_9' title='bbox 573 251 717 288; x_wconf 77' lang='lat' dir='ltr'>dilatata</span> <span class='ocrx_word' id='word_1_10' title='bbox 736 281 746 299; x_wconf 92' lang='lat'>,</span> <span class='ocrx_word' id='word_1_11' title='bbox 774 260 921 302; x_wconf 79' lang='lat' dir='ltr'><strong>anguste</strong></span> <span class='ocrx_word' id='word_1_12' title='bbox 947 254 1143 302; x_wconf 78' lang='lat' dir='ltr'>marginata</span> <span class='ocrx_word' id='word_1_13' title='bbox 1160 280 1171 298; x_wconf 91' lang='lat'><em>‚</em></span> <span class='ocrx_word' id='word_1_14' title='bbox 1198 265 1303 303; x_wconf 86' lang='lat' dir='ltr'><strong>supra</strong></span> <span class='ocrx_word' id='word_1_15' title='bbox 1329 254 1444 290; x_wconf 86' lang='lat' dir='ltr'><strong>antice</strong></span> <span class='ocrx_word' id='word_1_16' title='bbox 1473 267 1597 293; x_wconf 62' lang='lat' dir='ltr'><strong>conve,-</strong></span> 
     </span>
     <span class='ocr_line' id='line_1_3' title="bbox 188 314 1596 365; baseline 0.001 -15"><span class='ocrx_word' id='word_1_17' title='bbox 188 314 350 353; x_wconf 79' lang='lat' dir='ltr'><strong>xiuscula</strong></span> <span class='ocrx_word' id='word_1_18' title='bbox 368 341 379 360; x_wconf 93' lang='lat'><strong><em>,</em></strong></span> <span class='ocrx_word' id='word_1_19' title='bbox 406 314 579 363; x_wconf 83' lang='lat' dir='ltr'>posterius</span> <span class='ocrx_word' id='word_1_20' title='bbox 606 314 796 363; x_wconf 84' lang='lat' dir='ltr'><strong>deplanata</strong></span> <span class='ocrx_word' id='word_1_21' title='bbox 811 343 822 360; x_wconf 86' lang='lat'>‚</span> <span class='ocrx_word' id='word_1_22' title='bbox 854 314 1074 360; x_wconf 85' lang='lat' dir='ltr'><strong>laevissima,</strong></span> <span class='ocrx_word' id='word_1_23' title='bbox 1112 314 1270 352; x_wconf 84' lang='lat' dir='ltr'><strong>seriebus</strong></span> <span class='ocrx_word' id='word_1_24' title='bbox 1299 316 1411 354; x_wconf 82' lang='lat' dir='ltr'><strong>tribus</strong></span> <span class='ocrx_word' id='word_1_25' title='bbox 1443 315 1596 365; x_wconf 74' lang='lat' dir='ltr'><strong>longitu-</strong></span> 
     </span>
     <span class='ocr_line' id='line_1_4' title="bbox 184 376 1593 428; baseline 0.002 -16"><span class='ocrx_word' id='word_1_26' title='bbox 184 376 365 414; x_wconf 80' lang='lat' dir='ltr'><strong>dinalibus</strong></span> <span class='ocrx_word' id='word_1_27' title='bbox 391 389 410 412; x_wconf 90' lang='lat' dir='ltr'><strong>e</strong></span> <span class='ocrx_word' id='word_1_28' title='bbox 438 377 582 426; x_wconf 82' lang='lat' dir='ltr'><strong>punctis</strong></span> <span class='ocrx_word' id='word_1_29' title='bbox 609 378 813 426; x_wconf 84' lang='lat' dir='ltr'><strong>impressis;</strong></span> <span class='ocrx_word' id='word_1_30' title='bbox 853 377 1005 412; x_wconf 84' lang='lat' dir='ltr'><strong>obscure</strong></span> <span class='ocrx_word' id='word_1_31' title='bbox 1046 377 1199 413; x_wconf 86' lang='lat' dir='ltr'><strong>olivacea</strong></span> <span class='ocrx_word' id='word_1_32' title='bbox 1213 405 1224 423; x_wconf 86' lang='lat'><em>,</em></span> <span class='ocrx_word' id='word_1_33' title='bbox 1264 377 1406 423; x_wconf 87' lang='lat' dir='ltr'><strong>nitida,</strong></span> <span class='ocrx_word' id='word_1_34' title='bbox 1431 379 1593 428; x_wconf 80' lang='lat' dir='ltr'>margine</span> 
     </span>
     <span class='ocr_line' id='line_1_5' title="bbox 185 438 1593 488; baseline 0.001 -13"><span class='ocrx_word' id='word_1_35' title='bbox 185 438 321 475; x_wconf 73' lang='lat' dir='ltr'><strong>laterali</strong></span> <span class='ocrx_word' id='word_1_36' title='bbox 350 438 418 477; x_wconf 76' lang='lat' dir='ltr'><strong>late</strong></span> <span class='ocrx_word' id='word_1_37' title='bbox 445 438 757 474; x_wconf 84' lang='lat' dir='ltr'><strong>rufo-lutescente.</strong></span> <span class='ocrx_word' id='word_1_38' title='bbox 788 438 927 487; x_wconf 87' lang='lat' dir='ltr'><strong>Corpus</strong></span> <span class='ocrx_word' id='word_1_39' title='bbox 954 439 1079 475; x_wconf 87' lang='lat' dir='ltr'><strong>subtus</strong></span> <span class='ocrx_word' id='word_1_40' title='bbox 1098 440 1265 488; x_wconf 79' lang='lat' dir='ltr'><strong>nigrum,</strong></span> <span class='ocrx_word' id='word_1_41' title='bbox 1286 439 1441 475; x_wconf 85' lang='lat' dir='ltr'><strong>nitidum</strong></span> <span class='ocrx_word' id='word_1_42' title='bbox 1455 468 1465 485; x_wconf 85' lang='lat'>‚</span> <span class='ocrx_word' id='word_1_43' title='bbox 1483 440 1593 486; x_wconf 85' lang='lat' dir='ltr'><strong>laeve,</strong></span> 
     </span>
     <span class='ocr_line' id='line_1_6' title="bbox 182 499 1592 550; baseline 0.001 -14"><span class='ocrx_word' id='word_1_44' title='bbox 182 501 377 549; x_wconf 77' lang='lat' dir='ltr'><strong>segmentis</strong></span> <span class='ocrx_word' id='word_1_45' title='bbox 404 499 691 537; x_wconf 80' lang='lat' dir='ltr'><strong>abdominalibus</strong></span> <span class='ocrx_word' id='word_1_46' title='bbox 718 501 889 550; x_wconf 83' lang='lat' dir='ltr'><strong>utrinque</strong></span> <span class='ocrx_word' id='word_1_47' title='bbox 915 508 1052 550; x_wconf 83' lang='lat' dir='ltr'><strong>puncto</strong></span> <span class='ocrx_word' id='word_1_48' title='bbox 1079 501 1268 550; x_wconf 78' lang='lat' dir='ltr'>marginali</span> <span class='ocrx_word' id='word_1_49' title='bbox 1288 502 1592 538; x_wconf 83' lang='lat' dir='ltr'><strong>rufo-lutescente.</strong></span> 
     </span>
     <span class='ocr_line' id='line_1_7' title="bbox 182 561 1595 613; baseline 0.001 -15"><span class='ocrx_word' id='word_1_50' title='bbox 182 561 298 599; x_wconf 82' lang='lat' dir='ltr'><strong>Pedes</strong></span> <span class='ocrx_word' id='word_1_51' title='bbox 326 564 434 601; x_wconf 79' lang='lat' dir='ltr'>antici</span> <span class='ocrx_word' id='word_1_52' title='bbox 459 561 774 600; x_wconf 81' lang='lat' dir='ltr'><strong>rufo-lutescentes</strong></span> <span class='ocrx_word' id='word_1_53' title='bbox 800 562 995 601; x_wconf 83' lang='lat' dir='ltr'><strong>femoribus</strong></span> <span class='ocrx_word' id='word_1_54' title='bbox 1022 563 1162 599; x_wconf 86' lang='lat' dir='ltr'>macula</span> <span class='ocrx_word' id='word_1_55' title='bbox 1188 577 1317 613; x_wconf 79' lang='lat' dir='ltr'>magna</span> <span class='ocrx_word' id='word_1_56' title='bbox 1336 566 1457 612; x_wconf 75' lang='lat' dir='ltr'><strong>nigra3</strong></span> <span class='ocrx_word' id='word_1_57' title='bbox 1486 565 1595 600; x_wconf 81' lang='lat' dir='ltr'><strong>inter·</strong></span> 
     </span>
     <span class='ocr_line' id='line_1_8' title="bbox 180 624 1593 675; baseline 0 -14"><span class='ocrx_word' id='word_1_58' title='bbox 180 625 293 664; x_wconf 84' lang='lat' dir='ltr'><strong>medii</strong></span> <span class='ocrx_word' id='word_1_59' title='bbox 321 625 475 661; x_wconf 80' lang='lat' dir='ltr'><strong>obscure</strong></span> <span class='ocrx_word' id='word_1_60' title='bbox 500 624 657 663; x_wconf 84' lang='lat' dir='ltr'><strong>brunnei</strong></span> <span class='ocrx_word' id='word_1_61' title='bbox 675 625 867 661; x_wconf 86' lang='lat' dir='ltr'><strong>femoribus</strong></span> <span class='ocrx_word' id='word_1_62' title='bbox 886 625 1240 664; x_wconf 84' lang='lat' dir='ltr'><strong>rufo—lutescentibus</strong></span> <span class='ocrx_word' id='word_1_63' title='bbox 1257 640 1266 672; x_wconf 79' lang='lat'>3</span> <span class='ocrx_word' id='word_1_64' title='bbox 1294 627 1423 675; x_wconf 78' lang='lat' dir='ltr'><strong>postici</strong></span> <span class='ocrx_word' id='word_1_65' title='bbox 1444 626 1593 662; x_wconf 87' lang='lat' dir='ltr'><strong>obscure</strong></span> 
     </span>
     <span class='ocr_line' id='line_1_9' title="bbox 183 686 816 737; baseline -0.003 -13"><span class='ocrx_word' id='word_1_66' title='bbox 183 687 341 724; x_wconf 87' lang='lat' dir='ltr'><strong>hrunnei</strong></span> <span class='ocrx_word' id='word_1_67' title='bbox 367 688 424 726; x_wconf 86' lang='lat' dir='ltr'><strong>vel</strong></span> <span class='ocrx_word' id='word_1_68' title='bbox 450 689 572 737; x_wconf 80' lang='lat' dir='ltr'><strong>nigri,</strong></span> <span class='ocrx_word' id='word_1_69' title='bbox 601 687 691 725; x_wconf 74' lang='lat' dir='ltr'><strong>ciliis</strong></span> <span class='ocrx_word' id='word_1_70' title='bbox 717 686 816 723; x_wconf 86' lang='lat' dir='ltr'><strong>rufis.</strong></span> 
     </span>
    </p>

    <p class='ocr_par' dir='ltr' id='par_1_3' title="bbox 180 749 1596 1284">
     <span class='ocr_line' id='line_1_10' title="bbox 260 749 1595 800; baseline 0 -15"><span class='ocrx_word' id='word_1_71' title='bbox 260 751 345 787; x_wconf 76' lang='lat' dir='ltr'><strong>Obs.</strong></span> <span class='ocrx_word' id='word_1_72' title='bbox 374 751 542 800; x_wconf 84' lang='lat' dir='ltr'><strong>Speciem</strong></span> <span class='ocrx_word' id='word_1_73' title='bbox 568 750 678 795; x_wconf 88' lang='lat' dir='ltr'><strong>hanc,</strong></span> <span class='ocrx_word' id='word_1_74' title='bbox 705 764 724 784; x_wconf 86' lang='lat' dir='ltr'>a</span> <span class='ocrx_word' id='word_1_75' title='bbox 754 751 798 787; x_wconf 84' lang='lat' dir='ltr'><strong>T.</strong></span> <span class='ocrx_word' id='word_1_76' title='bbox 818 750 977 785; x_wconf 77' lang='lat' dir='ltr'><strong>Roeselii</strong></span> <span class='ocrx_word' id='word_1_77' title='bbox 1003 757 1079 785; x_wconf 82' lang='lat' dir='ltr'><strong>toto</strong></span> <span class='ocrx_word' id='word_1_78' title='bbox 1108 750 1210 786; x_wconf 88' lang='lat' dir='ltr'><strong>coelo</strong></span> <span class='ocrx_word' id='word_1_79' title='bbox 1237 749 1429 794; x_wconf 79' lang='lat' dir='ltr'><strong>diversam,</strong></span> <span class='ocrx_word' id='word_1_80' title='bbox 1458 752 1595 786; x_wconf 84' lang='lat' dir='ltr'><strong>affinem</strong></span> 
     </span>
     <span class='ocr_line' id='line_1_11' title="bbox 183 811 1593 861; baseline -0.001 -14"><span class='ocrx_word' id='word_1_81' title='bbox 183 813 346 861; x_wconf 89' lang='lat' dir='ltr'><strong>suspicor</strong></span> <span class='ocrx_word' id='word_1_82' title='bbox 373 814 527 861; x_wconf 77' lang='lat' dir='ltr'><strong>Dytiseo</strong></span> <span class='ocrx_word' id='word_1_83' title='bbox 550 820 671 849; x_wconf 76' lang='lat' dir='ltr'><strong>atrato</strong></span> <span class='ocrx_word' id='word_1_84' title='bbox 698 812 727 846; x_wconf 90' lang='lat' dir='ltr'>F</span> <span class='ocrx_word' id='word_1_85' title='bbox 731 811 804 847; x_wconf 88' lang='lat' dir='ltr'><strong>abr.</strong></span> <span class='ocrx_word' id='word_1_86' title='bbox 818 838 829 855; x_wconf 87' lang='lat'><em>‚</em></span> <span class='ocrx_word' id='word_1_87' title='bbox 857 824 962 860; x_wconf 87' lang='lat' dir='ltr'><strong>quem</strong></span> <span class='ocrx_word' id='word_1_88' title='bbox 995 811 1037 846; x_wconf 90' lang='lat' dir='ltr'><strong>cl.</strong></span> <span class='ocrx_word' id='word_1_89' title='bbox 1065 811 1273 848; x_wconf 70' lang='lat' dir='ltr'><strong>Billardiere</strong></span> <span class='ocrx_word' id='word_1_90' title='bbox 1300 813 1335 846; x_wconf 90' lang='lat' dir='ltr'><strong>in</strong></span> <span class='ocrx_word' id='word_1_91' title='bbox 1363 813 1499 847; x_wconf 82' lang='lat' dir='ltr'>Oceani</span> <span class='ocrx_word' id='word_1_92' title='bbox 1526 813 1593 847; x_wconf 87' lang='lat' dir='ltr'><strong>Pa-</strong></span> 
     </span>
     <span class='ocr_line' id='line_1_12' title="bbox 183 873 1596 922; baseline 0.001 -13"><span class='ocrx_word' id='word_1_93' title='bbox 183 874 275 911; x_wconf 82' lang='lat' dir='ltr'><strong>cifici</strong></span> <span class='ocrx_word' id='word_1_94' title='bbox 302 875 427 913; x_wconf 85' lang='lat' dir='ltr'><strong>insulis</strong></span> <span class='ocrx_word' id='word_1_95' title='bbox 454 876 612 913; x_wconf 81' lang='lat' dir='ltr'><strong>invenit:</strong></span> <span class='ocrx_word' id='word_1_96' title='bbox 641 874 704 912; x_wconf 88' lang='lat' dir='ltr'><strong>sed</strong></span> <span class='ocrx_word' id='word_1_97' title='bbox 730 875 848 911; x_wconf 84' lang='lat' dir='ltr'>obstat</span> <span class='ocrx_word' id='word_1_98' title='bbox 873 874 972 911; x_wconf 88' lang='lat' dir='ltr'><strong>color</strong></span> <span class='ocrx_word' id='word_1_99' title='bbox 991 873 1168 909; x_wconf 86' lang='lat' dir='ltr'><strong>femorum</strong></span> <span class='ocrx_word' id='word_1_100' title='bbox 1189 875 1412 920; x_wconf 81' lang='lat' dir='ltr'>anticorum,</span> <span class='ocrx_word' id='word_1_101' title='bbox 1441 887 1531 922; x_wconf 88' lang='lat' dir='ltr'><strong>quae</strong></span> <span class='ocrx_word' id='word_1_102' title='bbox 1558 876 1596 913; x_wconf 77' lang='lat' dir='ltr'><strong>iu</strong></span> 
     </span>
     <span class='ocr_line' id='line_1_13' title="bbox 183 936 1593 986; baseline -0.001 -13"><span class='ocrx_word' id='word_1_103' title='bbox 183 938 304 986; x_wconf 92' lang='lat' dir='ltr'><strong>specie</strong></span> <span class='ocrx_word' id='word_1_104' title='bbox 331 937 544 974; x_wconf 81' lang='lat' dir='ltr'><strong>Fabriciana</strong></span> <span class='ocrx_word' id='word_1_105' title='bbox 569 937 720 973; x_wconf 84' lang='lat' dir='ltr'><strong>obscure</strong></span> <span class='ocrx_word' id='word_1_106' title='bbox 745 937 950 986; x_wconf 82' lang='lat' dir='ltr'><strong>ferruginea</strong></span> <span class='ocrx_word' id='word_1_107' title='bbox 977 936 1166 981; x_wconf 84' lang='lat' dir='ltr'><strong>dicuntur,</strong></span> <span class='ocrx_word' id='word_1_108' title='bbox 1193 948 1260 971; x_wconf 88' lang='lat' dir='ltr'><strong>nec</strong></span> <span class='ocrx_word' id='word_1_109' title='bbox 1278 949 1352 971; x_wconf 90' lang='lat' dir='ltr'><strong>non</strong></span> <span class='ocrx_word' id='word_1_110' title='bbox 1372 936 1470 971; x_wconf 87' lang='lat' dir='ltr'><strong>color</strong></span> <span class='ocrx_word' id='word_1_111' title='bbox 1488 938 1593 972; x_wconf 83' lang='lat' dir='ltr'><strong>totius</strong></span> 
     </span>
     <span class='ocr_line' id='line_1_14' title="bbox 182 997 1593 1048; baseline -0.001 -14"><span class='ocrx_word' id='word_1_112' title='bbox 182 1000 340 1048; x_wconf 82' lang='lat' dir='ltr'><strong>corporis</strong></span> <span class='ocrx_word' id='word_1_113' title='bbox 356 1026 366 1044; x_wconf 84' lang='lat'><em>,</em></span> <span class='ocrx_word' id='word_1_114' title='bbox 394 998 491 1048; x_wconf 86' lang='lat' dir='ltr'><strong>quod</strong></span> <span class='ocrx_word' id='word_1_115' title='bbox 517 1007 657 1045; x_wconf 85' lang='lat' dir='ltr'><strong>atrum,</strong></span> <span class='ocrx_word' id='word_1_116' title='bbox 685 1012 753 1035; x_wconf 90' lang='lat' dir='ltr'><strong>nec</strong></span> <span class='ocrx_word' id='word_1_117' title='bbox 780 1012 865 1035; x_wconf 88' lang='lat' dir='ltr'><strong>vero</strong></span> <span class='ocrx_word' id='word_1_118' title='bbox 893 999 1042 1035; x_wconf 86' lang='lat' dir='ltr'><strong>obscure</strong></span> <span class='ocrx_word' id='word_1_119' title='bbox 1071 999 1282 1043; x_wconf 81' lang='lat' dir='ltr'><strong>olivaceum,</strong></span> <span class='ocrx_word' id='word_1_120' title='bbox 1317 997 1479 1034; x_wconf 83' lang='lat' dir='ltr'>traditur.</span> <span class='ocrx_word' id='word_1_121' title='bbox 1507 999 1593 1033; x_wconf 87' lang='lat' dir='ltr'><strong>Pro-</strong></span> 
     </span>
     <span class='ocr_line' id='line_1_15' title="bbox 181 1059 1593 1110; baseline -0.001 -14"><span class='ocrx_word' id='word_1_122' title='bbox 181 1063 274 1097; x_wconf 83' lang='lat' dir='ltr'>xima</span> <span class='ocrx_word' id='word_1_123' title='bbox 301 1074 444 1110; x_wconf 90' lang='lat' dir='ltr'><strong>quoque</strong></span> <span class='ocrx_word' id='word_1_124' title='bbox 472 1070 526 1100; x_wconf 79' lang='lat' dir='ltr'><strong>est</strong></span> <span class='ocrx_word' id='word_1_125' title='bbox 553 1061 694 1098; x_wconf 81' lang='lat' dir='ltr'><strong>cuidam</strong></span> <span class='ocrx_word' id='word_1_126' title='bbox 718 1060 898 1096; x_wconf 82' lang='lat' dir='ltr'><strong>Trochalo</strong></span> <span class='ocrx_word' id='word_1_127' title='bbox 924 1060 1166 1109; x_wconf 80' lang='lat' dir='ltr'><strong>senegalensi,</strong></span> <span class='ocrx_word' id='word_1_128' title='bbox 1211 1073 1316 1109; x_wconf 88' lang='lat' dir='ltr'><strong>quem</strong></span> <span class='ocrx_word' id='word_1_129' title='bbox 1358 1073 1377 1094; x_wconf 90' lang='lat' dir='ltr'>a</span> <span class='ocrx_word' id='word_1_130' title='bbox 1408 1059 1450 1095; x_wconf 94' lang='lat' dir='ltr'><strong>cl.</strong></span> <span class='ocrx_word' id='word_1_131' title='bbox 1478 1060 1593 1095; x_wconf 85' lang='lat' dir='ltr'><strong>Solier</strong></span> 
     </span>
     <span class='ocr_line' id='line_1_16' title="bbox 181 1120 1593 1173; baseline -0.002 -14"><span class='ocrx_word' id='word_1_132' title='bbox 181 1125 326 1159; x_wconf 85' lang='lat' dir='ltr'><strong>nomine</strong></span> <span class='ocrx_word' id='word_1_133' title='bbox 357 1125 399 1159; x_wconf 85' lang='lat' dir='ltr'><strong>T.</strong></span> <span class='ocrx_word' id='word_1_134' title='bbox 427 1126 566 1168; x_wconf 73' lang='lat' dir='ltr'><strong>Baoeii,</strong></span> <span class='ocrx_word' id='word_1_135' title='bbox 593 1123 672 1173; x_wconf 91' lang='lat' dir='ltr'><strong>Dej.</strong></span> <span class='ocrx_word' id='word_1_136' title='bbox 700 1124 909 1173; x_wconf 78' lang='lat' dir='ltr'><strong>nuperrime</strong></span> <span class='ocrx_word' id='word_1_137' title='bbox 937 1125 1085 1172; x_wconf 88' lang='lat' dir='ltr'><strong>accepi:</strong></span> <span class='ocrx_word' id='word_1_138' title='bbox 1113 1121 1176 1158; x_wconf 89' lang='lat' dir='ltr'><strong>sed</strong></span> <span class='ocrx_word' id='word_1_139' title='bbox 1202 1121 1269 1157; x_wconf 89' lang='lat' dir='ltr'><strong>hoc</strong></span> <span class='ocrx_word' id='word_1_140' title='bbox 1295 1134 1428 1157; x_wconf 88' lang='lat' dir='ltr'><strong>nomen</strong></span> <span class='ocrx_word' id='word_1_141' title='bbox 1454 1120 1593 1170; x_wconf 87' lang='lat' dir='ltr'><strong>specifi-</strong></span> 
     </span>
     <span class='ocr_line' id='line_1_17' title="bbox 183 1183 1590 1234; baseline -0.002 -13"><span class='ocrx_word' id='word_1_142' title='bbox 183 1200 266 1222; x_wconf 89' lang='lat' dir='ltr'><strong>cum</strong></span> <span class='ocrx_word' id='word_1_143' title='bbox 294 1187 331 1221; x_wconf 89' lang='lat' dir='ltr'><strong>in</strong></span> <span class='ocrx_word' id='word_1_144' title='bbox 357 1187 547 1223; x_wconf 85' lang='lat' dir='ltr'><strong>novissimo</strong></span> <span class='ocrx_word' id='word_1_145' title='bbox 574 1185 737 1222; x_wconf 86' lang='lat' dir='ltr'><strong>Elencho</strong></span> <span class='ocrx_word' id='word_1_146' title='bbox 756 1201 774 1222; x_wconf 90' lang='lat' dir='ltr'>a</span> <span class='ocrx_word' id='word_1_147' title='bbox 802 1186 844 1221; x_wconf 91' lang='lat' dir='ltr'><strong>cl.</strong></span> <span class='ocrx_word' id='word_1_148' title='bbox 864 1185 1103 1234; x_wconf 81' lang='lat' dir='ltr'><strong>Entomologo</strong></span> <span class='ocrx_word' id='word_1_149' title='bbox 1125 1185 1314 1234; x_wconf 83' lang='lat' dir='ltr'><strong>parisiensi</strong></span> <span class='ocrx_word' id='word_1_150' title='bbox 1341 1183 1502 1232; x_wconf 77' lang='lat' dir='ltr'><strong>evulgato</strong></span> <span class='ocrx_word' id='word_1_151' title='bbox 1529 1183 1590 1219; x_wconf 88' lang='lat' dir='ltr'><strong>de·</strong></span> 
     </span>
     <span class='ocr_line' id='line_1_18' title="bbox 180 1247 370 1284; baseline 0 -1"><span class='ocrx_word' id='word_1_152' title='bbox 180 1247 370 1284; x_wconf 81' lang='lat' dir='ltr'><strong>sideratur.</strong></span> 
     </span>
    </p>
   </div>
   <div class='ocr_carea' id='block_1_3' title="bbox 610 1370 1164 1418">
    <p class='ocr_par' dir='ltr' id='par_1_4' title="bbox 610 1370 1164 1418">
     <span class='ocr_line' id='line_1_19' title="bbox 610 1370 1164 1418; baseline -0.004 -11"><span class='ocrx_word' id='word_1_153' title='bbox 610 1386 661 1407; x_wconf 91' lang='lat'><strong>10.</strong></span> <span class='ocrx_word' id='word_1_154' title='bbox 690 1373 791 1406; x_wconf 65' lang='lat' dir='ltr'><strong>Emus</strong></span> <span class='ocrx_word' id='word_1_155' title='bbox 818 1374 1051 1418; x_wconf 79' lang='lat' dir='ltr'><strong>marginalis,</strong></span> <span class='ocrx_word' id='word_1_156' title='bbox 1078 1370 1164 1406; x_wconf 69' lang='lat' dir='ltr'><strong>Non.</strong></span> 
     </span>
    </p>
   </div>
   <div class='ocr_carea' id='block_1_4' title="bbox 777 1494 992 1527">
    <p class='ocr_par' dir='ltr' id='par_1_5' title="bbox 777 1494 992 1527">
     <span class='ocr_line' id='line_1_20' title="bbox 777 1494 992 1527; baseline -0.014 -8"><span class='ocrx_word' id='word_1_157' title='bbox 777 1495 842 1519; x_wconf 86' lang='lat' dir='ltr'>Tab.</span> <span class='ocrx_word' id='word_1_158' title='bbox 864 1503 885 1519; x_wconf 84' lang='lat'><strong>1.</strong></span> <span class='ocrx_word' id='word_1_159' title='bbox 906 1494 948 1527; x_wconf 86' lang='lat' dir='ltr'><strong>fig.</strong></span> <span class='ocrx_word' id='word_1_160' title='bbox 968 1494 992 1525; x_wconf 94' lang='lat'><strong>4.</strong></span> 
     </span>
    </p>
   </div>
   <div class='ocr_carea' id='block_1_5' title="bbox 179 1611 1590 1852">
    <p class='ocr_par' dir='ltr' id='par_1_6' title="bbox 179 1611 1588 1665">
     <span class='ocr_line' id='line_1_21' title="bbox 179 1611 1588 1665; baseline -0.006 -12"><span class='ocrx_word' id='word_1_161' title='bbox 179 1618 295 1664; x_wconf 76' lang='lat' dir='ltr'><strong>Niger</strong></span> <span class='ocrx_word' id='word_1_162' title='bbox 311 1644 321 1662; x_wconf 93' lang='lat'>‚</span> <span class='ocrx_word' id='word_1_163' title='bbox 343 1615 545 1665; x_wconf 80' lang='lat' dir='ltr'><strong>pubescens</strong></span> <span class='ocrx_word' id='word_1_164' title='bbox 552 1630 565 1659; x_wconf 91' lang='lat'><em>;</em></span> <span class='ocrx_word' id='word_1_165' title='bbox 593 1618 728 1664; x_wconf 82' lang='lat' dir='ltr'><strong>capite,</strong></span> <span class='ocrx_word' id='word_1_166' title='bbox 767 1614 916 1650; x_wconf 78' lang='lat' dir='ltr'><strong>thorace</strong></span> <span class='ocrx_word' id='word_1_167' title='bbox 942 1616 1140 1662; x_wconf 53' lang='lat' dir='ltr'><strong>egyti-isque</strong></span> <span class='ocrx_word' id='word_1_168' title='bbox 1165 1624 1278 1661; x_wconf 77' lang='lat' dir='ltr'><strong>supra</strong></span> <span class='ocrx_word' id='word_1_169' title='bbox 1309 1611 1558 1647; x_wconf 80' lang='lat' dir='ltr'><strong>viridi-aeneis</strong></span> <span class='ocrx_word' id='word_1_170' title='bbox 1578 1638 1588 1655; x_wconf 93' lang='lat'><em>,</em></span> 
     </span>
    </p>

    <p class='ocr_par' dir='ltr' id='par_1_7' title="bbox 225 1675 1590 1852">
     <span class='ocr_line' id='line_1_22' title="bbox 227 1675 1588 1725; baseline -0.005 -11"><span class='ocrx_word' id='word_1_171' title='bbox 227 1679 408 1714; x_wconf 80' lang='lat' dir='ltr'><strong>nebulosis</strong></span> <span class='ocrx_word' id='word_1_172' title='bbox 416 1695 429 1722; x_wconf 84' lang='lat'><strong>,·</strong></span> <span class='ocrx_word' id='word_1_173' title='bbox 471 1680 662 1721; x_wconf 82' lang='lat' dir='ltr'><strong>antennis,</strong></span> <span class='ocrx_word' id='word_1_174' title='bbox 701 1679 902 1725; x_wconf 59' lang='lat' dir='ltr'><strong>cistrorum</strong></span> <span class='ocrx_word' id='word_1_175' title='bbox 939 1678 1103 1723; x_wconf 78' lang='lat' dir='ltr'><strong>margine</strong></span> <span class='ocrx_word' id='word_1_176' title='bbox 1138 1677 1323 1710; x_wconf 76' lang='lat' dir='ltr'><strong>exteriore</strong></span> <span class='ocrx_word' id='word_1_177' title='bbox 1364 1675 1588 1721; x_wconf 83' lang='lat' dir='ltr'><strong>apicalique,</strong></span> 
     </span>
     <span class='ocr_line' id='line_1_23' title="bbox 225 1735 1590 1789; baseline -0.006 -13"><span class='ocrx_word' id='word_1_178' title='bbox 225 1743 430 1789; x_wconf 75' lang='lat' dir='ltr'><strong>geniculis,</strong></span> <span class='ocrx_word' id='word_1_179' title='bbox 471 1740 565 1775; x_wconf 78' lang='lat' dir='ltr'><strong>tibiis</strong></span> <span class='ocrx_word' id='word_1_180' title='bbox 602 1741 781 1788; x_wconf 78' lang='lat' dir='ltr'><strong>tarsisque</strong></span> <span class='ocrx_word' id='word_1_181' title='bbox 790 1737 1075 1785; x_wconf 74' lang='lat' dir='ltr'><strong>flavescentibus</strong></span> <span class='ocrx_word' id='word_1_182' title='bbox 1087 1753 1100 1781; x_wconf 83' lang='grc'><strong>,-</strong></span> <span class='ocrx_word' id='word_1_183' title='bbox 1141 1736 1302 1773; x_wconf 78' lang='lat' dir='ltr'><strong>thoracis</strong></span> <span class='ocrx_word' id='word_1_184' title='bbox 1344 1735 1520 1771; x_wconf 76' lang='lat' dir='ltr'><strong>lateribus</strong></span> <span class='ocrx_word' id='word_1_185' title='bbox 1546 1737 1590 1768; x_wconf 79' lang='lat' dir='ltr'><strong>si-</strong></span> 
     </span>
     <span class='ocr_line' id='line_1_24' title="bbox 230 1805 583 1852; baseline -0.006 -14"><span class='ocrx_word' id='word_1_186' title='bbox 230 1805 583 1852; x_wconf 70' lang='lat' dir='ltr'><strong>nuato-compressis.</strong></span> 
     </span>
    </p>
   </div>
   <div class='ocr_carea' id='block_1_6' title="bbox 538 1922 1232 1974">
    <p class='ocr_par' dir='ltr' id='par_1_8' title="bbox 538 1922 1232 1974">
     <span class='ocr_line' id='line_1_25' title="bbox 538 1922 1232 1974; baseline -0.007 -14"><span class='ocrx_word' id='word_1_187' title='bbox 538 1925 680 1974; x_wconf 84' lang='lat' dir='ltr'><strong>Longit.</strong></span> <span class='ocrx_word' id='word_1_188' title='bbox 707 1923 768 1959; x_wconf 87' lang='lat' dir='ltr'><strong>lin.</strong></span> <span class='ocrx_word' id='word_1_189' title='bbox 796 1923 832 1959; x_wconf 88' lang='grc'><strong>5.</strong></span> <span class='ocrx_word' id='word_1_190' title='bbox 863 1943 903 1951; x_wconf 86' lang='grc'><strong>·-</strong></span> <span class='ocrx_word' id='word_1_191' title='bbox 929 1923 1036 1960; x_wconf 72' lang='lat' dir='ltr'>Latit.</span> <span class='ocrx_word' id='word_1_192' title='bbox 1063 1922 1123 1957; x_wconf 80' lang='lat' dir='ltr'><strong>lin.</strong></span> <span class='ocrx_word' id='word_1_193' title='bbox 1158 1934 1168 1956; x_wconf 75' lang='grc' dir='ltr'><strong><em>ι</em></strong></span> <span class='ocrx_word' id='word_1_194' title='bbox 1195 1926 1232 1963; x_wconf 72' lang='grc' dir='ltr'><strong>ξ.</strong></span> 
     </span>
    </p>
   </div>
   <div class='ocr_carea' id='block_1_7' title="bbox 228 2038 1587 2098">
    <p class='ocr_par' dir='ltr' id='par_1_9' title="bbox 228 2038 1587 2098">
     <span class='ocr_line' id='line_1_26' title="bbox 228 2038 1587 2098; baseline -0.01 -11"><span class='ocrx_word' id='word_1_195' title='bbox 228 2053 269 2089; x_wconf 89' lang='lat' dir='ltr'><strong>In</strong></span> <span class='ocrx_word' id='word_1_196' title='bbox 297 2050 435 2087; x_wconf 87' lang='lat' dir='ltr'><strong>viciniis</strong></span> <span class='ocrx_word' id='word_1_197' title='bbox 462 2051 500 2086; x_wconf 82' lang='lat' dir='ltr'><strong>di</strong></span> <span class='ocrx_word' id='word_1_198' title='bbox 525 2050 752 2098; x_wconf 75' lang='lat' dir='ltr'><strong>Capuoerra‚</strong></span> <span class='ocrx_word' id='word_1_199' title='bbox 777 2061 825 2083; x_wconf 88' lang='lat' dir='ltr'><strong>m.</strong></span> <span class='ocrx_word' id='word_1_200' title='bbox 846 2046 966 2096; x_wconf 74' lang='lat' dir='ltr'><strong>aprili3</strong></span> <span class='ocrx_word' id='word_1_201' title='bbox 995 2046 1092 2081; x_wconf 79' lang='lat' dir='ltr'><strong>circa</strong></span> <span class='ocrx_word' id='word_1_202' title='bbox 1111 2043 1244 2081; x_wconf 81' lang='lat' dir='ltr'><strong>Cabras</strong></span> <span class='ocrx_word' id='word_1_203' title='bbox 1260 2069 1271 2088; x_wconf 86' lang='lat'><em>,</em></span> <span class='ocrx_word' id='word_1_204' title='bbox 1297 2055 1342 2077; x_wconf 90' lang='lat' dir='ltr'><strong>m.</strong></span> <span class='ocrx_word' id='word_1_205' title='bbox 1365 2041 1474 2077; x_wconf 87' lang='lat' dir='ltr'><strong>maio:</strong></span> <span class='ocrx_word' id='word_1_206' title='bbox 1493 2038 1587 2075; x_wconf 84' lang='lat' dir='ltr'><strong>haud</strong></span> 
     </span>
    </p>
   </div>
   <div class='ocr_carea' id='block_1_8' title="bbox 180 2113 1583 2213">
    <p class='ocr_par' dir='ltr' id='par_1_10' title="bbox 180 2113 1583 2213">
     <span class='ocr_line' id='line_1_27' title="bbox 180 2113 394 2163; baseline 0 -14"><span class='ocrx_word' id='word_1_207' title='bbox 180 2113 394 2163; x_wconf 79' lang='lat' dir='ltr'><strong>infrequens.</strong></span> 
     </span>
     <span class='ocr_line' id='line_1_28' title="bbox 277 2163 1583 2213; baseline -0.01 -3"><span class='ocrx_word' id='word_1_208' title='bbox 277 2176 405 2212; x_wconf 79' lang='lat' dir='ltr'>DESCR.</span> <span class='ocrx_word' id='word_1_209' title='bbox 432 2174 524 2211; x_wconf 90' lang='lat' dir='ltr'><strong>Emo</strong></span> <span class='ocrx_word' id='word_1_210' title='bbox 548 2173 723 2210; x_wconf 76' lang='lat' dir='ltr'><strong>nebuloso</strong></span> <span class='ocrx_word' id='word_1_211' title='bbox 748 2172 872 2209; x_wconf 84' lang='lat' dir='ltr'><strong>similis</strong></span> <span class='ocrx_word' id='word_1_212' title='bbox 912 2179 948 2207; x_wconf 81' lang='lat' dir='ltr'><strong>et</strong></span> <span class='ocrx_word' id='word_1_213' title='bbox 983 2171 1117 2213; x_wconf 85' lang='lat' dir='ltr'><strong>affinis,</strong></span> <span class='ocrx_word' id='word_1_214' title='bbox 1153 2167 1216 2205; x_wconf 89' lang='lat' dir='ltr'><strong>sed</strong></span> <span class='ocrx_word' id='word_1_215' title='bbox 1258 2167 1377 2204; x_wconf 86' lang='lat' dir='ltr'><strong>minor</strong></span> <span class='ocrx_word' id='word_1_216' title='bbox 1401 2173 1438 2201; x_wconf 82' lang='lat' dir='ltr'><strong>et</strong></span> <span class='ocrx_word' id='word_1_217' title='bbox 1465 2163 1583 2202; x_wconf 81' lang='lat' dir='ltr'><strong>colore</strong></span> 
     </span>
    </p>
   </div>
   <div class='ocr_carea' id='block_1_9' title="bbox 178 2225 1584 2287">
    <p class='ocr_par' dir='ltr' id='par_1_11' title="bbox 178 2225 1584 2287">
     <span class='ocr_line' id='line_1_29' title="bbox 178 2225 1584 2287; baseline -0.009 -13"><span class='ocrx_word' id='word_1_218' title='bbox 178 2246 414 2274; x_wconf 83' lang='lat' dir='ltr'><strong>antennarum</strong></span> <span class='ocrx_word' id='word_1_219' title='bbox 440 2238 707 2287; x_wconf 86' lang='lat' dir='ltr'><strong>elytrorumque</strong></span> <span class='ocrx_word' id='word_1_220' title='bbox 735 2235 931 2272; x_wconf 77' lang='lat' dir='ltr'><strong>distinctus.</strong></span> <span class='ocrx_word' id='word_1_221' title='bbox 975 2234 1093 2283; x_wconf 84' lang='lat' dir='ltr'>Caput</span> <span class='ocrx_word' id='word_1_222' title='bbox 1119 2230 1301 2269; x_wconf 86' lang='lat' dir='ltr'><strong>mediocre</strong></span> <span class='ocrx_word' id='word_1_223' title='bbox 1317 2256 1328 2275; x_wconf 91' lang='lat'><em>,</em></span> <span class='ocrx_word' id='word_1_224' title='bbox 1359 2227 1502 2265; x_wconf 83' lang='lat' dir='ltr'><strong>thorace</strong></span> <span class='ocrx_word' id='word_1_225' title='bbox 1528 2225 1584 2261; x_wconf 74' lang='lat' dir='ltr'><strong>vix</strong></span> 
     </span>
    </p>
   </div>
  </div>
 </body>
</html>
