2038 2875
250 275 341 328 DE
378 275 797 340 QUIBUSDAM
833 281 1148 336 INSECTIS
1185 283 1563 338 SARDINIAE

538 458 682 496 NOVIS
716 461 816 499 AUT
850 461 1000 499 MINUS
1034 463 1261 502 COGNITIS

673 630 841 659 AUCTORE
860 632 1015 658 JOSEPHO
1034 625 1129 661 om

266 1125 314 1174 In
348 1138 476 1173 itinere
511 1136 606 1185 quod
643 1136 737 1184 jussu
771 1137 1008 1183 augustissimi
1042 1137 1147 1185 Regis
1181 1138 1312 1175 CAROL1
1346 1141 1499 1177 ALBERTI
1531 1157 1596 1192 per

191 1198 390 1233 Sardiniam
416 1200 576 1248 suscepi,
604 1198 883 1246 quamplurimas
911 1198 979 1246 legi
1007 1199 1209 1234 animaiium
1241 1204 1399 1249 species,
1430 1217 1515 1251 quas
1541 1206 1598 1240 vel

190 1273 335 1308 prorsus
354 1273 461 1296 novas
477 1287 488 1305 ,
508 1260 563 1294 vel
582 1273 706 1308 parum
726 1260 900 1307 cognitas,
922 1260 977 1294 vel
999 1268 1192 1309 utcumque
1220 1261 1451 1299 illustratione
1473 1265 1595 1314 dignas

190 1323 358 1358 existimo.
370 1362 373 1364 q
386 1323 591 1371 Principem
607 1322 727 1356 locum
744 1329 866 1356 tenent
880 1321 1038 1365 Insecta,
1060 1336 1213 1370 quorum
1235 1332 1371 1359 tantam
1389 1328 1488 1375 coegi
1507 1328 1596 1362 mul—

188 1384 382 1419 titudinem
410 1393 446 1419 et
463 1385 691 1426 varietatem,
710 1391 749 1416 ut
768 1382 837 1430 jam
860 1382 998 1417 abunde
1019 1385 1063 1417 sit
1088 1383 1178 1418 mihi
1204 1386 1353 1421 materia
1375 1387 1420 1421 ad
1439 1388 1595 1432 Faunae,

188 1445 277 1481 idest
309 1446 580 1494 Entomologiae
612 1443 765 1479 Sardoae
798 1444 976 1491 specimen
1010 1444 1283 1481 conficiendum.
1330 1448 1423 1483 Huic
1463 1452 1593 1498 operi,

188 1507 288 1555 cujus
315 1507 493 1542 desiderio
524 1506 756 1542 vehementer
788 1505 938 1554 flagrant
971 1507 1070 1541 coevi
1110 1519 1234 1542 rerum
1270 1510 1483 1545 naturalium
1518 1520 1591 1546 stu-

187 1568 302 1613 diosi,
331 1577 508 1604 attentum
534 1570 690 1603 animum
730 1568 824 1602 illico
863 1575 944 1616 post
969 1568 1127 1602 reditum
1153 1582 1198 1604 ex
1232 1570 1393 1605 Sardinia
1421 1572 1590 1621 adjunxi,

186 1642 384 1679 omnesque
411 1629 513 1665 horas
539 1642 634 1664 meas
661 1628 865 1664 subsecivas
891 1642 958 1678 pro
985 1629 1121 1665 viribus
1148 1631 1330 1680 impendo.
1365 1632 1434 1667 Sed
1462 1635 1509 1668 ita
1537 1648 1590 1669 ce-

184 1692 307 1727 leriter
339 1700 460 1727 nostra
499 1692 709 1741 praesertim
749 1698 863 1726 aetate
905 1690 1058 1726 adolevit
1095 1692 1371 1742 Entomologia‚
1404 1702 1592 1744 tantaeque

185 1768 358 1789 novorum
379 1766 552 1803 generum
570 1762 606 1789 et
625 1754 823 1802 specierum
844 1752 1103 1802 descriptiones
1124 1762 1160 1789 et
1179 1756 1297 1791 icones
1313 1769 1380 1804 per
1399 1757 1592 1805 Europam,

181 1830 256 1864 qua
283 1817 351 1851 late
378 1823 502 1864 patet,
531 1817 568 1850 in
596 1815 669 1850 dies
698 1815 932 1863 evulgantur,
959 1823 999 1850 ut
1024 1817 1078 1850 vix
1104 1817 1228 1864 ingens
1256 1820 1404 1866 pecunia
1436 1827 1591 1867 tempus-

185 1891 256 1927 que
284 1885 476 1927 suppetant
502 1876 546 1911 ad
576 1889 633 1912 eas
667 1889 788 1912 omnes
823 1876 1078 1926 comparandas
1111 1886 1217 1925 atque
1251 1878 1460 1914 invisendas.
1503 1881 1590 1914 Sunt

177 1940 343 1976 >nonnulli
370 1940 562 1989 scriptores
591 1940 653 1988 qui
682 1941 861 1974 communi
889 1940 1043 1974 utilitate
1069 1939 1270 1987 posthabita
1297 1940 1472 1975 librorum
1504 1955 1586 1990 pre-

184 2003 272 2037 tium
300 2010 451 2051 propter
472 2001 618 2036 chartae
637 2001 792 2036 nitorem
816 2008 851 2036 et
870 2009 1037 2050 typorum
1058 2000 1327 2049 amplitudinem
1355 2003 1459 2037 nimis
1480 2002 1586 2038 adau-

136 2083 139 2087 ·
184 2073 292 2112 gent3
320 2072 403 2100 sunt
423 2066 487 2113 qui
508 2064 771 2100 observationes
791 2071 827 2098 et
845 2065 986 2099 inventa
1006 2075 1069 2098 sua
1091 2063 1211 2098 diariis
1234 2065 1415 2108 inserunt,
1436 2078 1588 2113 quorum

183 2127 307 2162 titulus
333 2126 386 2162 nil
413 2139 518 2176 saepe
546 2126 760 2176 polliceatur
786 2125 884 2175 quod
909 2125 951 2160 ad
979 2125 1174 2160 naturalem
1206 2125 1387 2161 historiam
1420 2136 1585 2175 spectet3

184 2197 267 2224 sunt
292 2187 448 2238 denique
475 2189 551 2234 alii,
569 2197 604 2224 et
631 2188 773 2237 quidem
792 2189 898 2237 longe
920 2189 1199 2231 numerosiores,
1220 2190 1279 2237 qui
1298 2189 1412 2237 patrio
1440 2196 1586 2223 utuntur

183 2263 366 2295 sermone,
382 2252 424 2286 ab
445 2253 573 2289 exteris
587 2259 626 2287 ut
640 2252 833 2301 plurimum
853 2252 1023 2300 ignorato.
1044 2250 1143 2287 Adde
1161 2250 1254 2299 quod
1268 2251 1385 2286 furens
1407 2249 1581 2298 quaedam

1511 2324 1521 2345 1
