2038 2875
462 175 486 208 (3
886 183 928 204 m:
958 180 1152 212 QuinusDAM
1180 180 1337 204 msscns
1365 182 1441 205 me.

461 247 583 284 sardon
610 245 806 294 specimina
834 243 943 279 alium
970 241 1213 279 characterem
1250 251 1376 279 notatu
1413 242 1560 293 dignum
1594 244 1840 294 praeseferant
1858 273 1870 292 ,

459 311 501 344 ‹le
529 322 600 357 quo
628 307 724 343 nulla
751 309 885 342 mentio
912 306 950 342 fit
976 320 996 342 a
1023 306 1065 342 cl.
1093 305 1229 356 Dejean
1256 307 1292 342 in
1321 306 1560 355 descriptione
1589 308 1631 343 C.
1659 311 1869 356 volgenst’s:

459 371 606 420 angulus
634 370 793 419 posticus
819 369 982 404 internus
1009 368 1064 404 vel
1090 368 1256 404 suturalis
1286 368 1484 418 elytrorum
1513 368 1644 405 desinit
1664 368 1702 405 in
1728 368 1871 407 dentem

458 441 600 468 acutum
627 440 662 468 et
689 431 845 467 validum
862 459 872 476 ,
900 431 953 467 uti
980 430 1016 466 id
1044 431 1182 467 obtinet
1209 431 1248 466 in
1278 431 1318 466 C.
1356 431 1530 467 Goudotiz'
1561 439 1596 466 et
1631 432 1869 468 circumdata.

456 496 503 531 5.‘¹
529 496 570 530 In
598 496 639 529 C.
665 497 833 541 ‘volgensi
857 494 965 529 tibiae
992 501 1075 529 sunt
1103 494 1249 529 omnino
1275 492 1404 538 rusae3
1431 494 1469 528 in
1498 493 1538 528 C.
1567 496 1742 543 imperiali
1768 494 1870 529 tibia-

454 571 535 592 rum
562 557 653 592 latus
681 558 862 591 internum
888 556 1084 591 flavescens
1108 563 1188 601 est,
1215 556 1385 591 extimum
1411 569 1494 591 vero
1521 554 1803 592 viridi-aeneum.

528 619 664 654 Allatae
691 618 915 654 differentiae
932 646 942 663 ,
986 617 1146 667 quamvis
1176 626 1295 654 cetera
1335 619 1551 653 conveniant
1570 644 1580 662 ‚
1614 620 1868 654 necessitatem

454 680 668 725 ostendunt,
696 682 732 715 ni
759 680 886 726 fallor,
914 680 1002 715 duas
1029 680 1135 716 hasce
1164 679 1365 716 Cicindelas
1393 681 1620 729 systematice
1648 680 1867 730 sejungendi.

452 744 597 792 Species
626 742 769 788 sardoa,
797 755 888 791 quae
908 743 1031 777 Karali
1058 743 1222 791 primiter
1249 757 1268 777 a
1297 743 1455 792 Georgio
1482 742 1573 778 Dahl
1596 744 1747 779 inventa
1774 745 1868 779 etin

452 806 579 840 litteris
607 806 751 840 nomine
780 805 821 839 C.
849 807 1043 854 imperialis
1071 805 1233 854 evulgata
1260 805 1353 849 suit,
1382 818 1515 840 nomen
1542 805 1758 840 Dalilianum
1784 807 1868 841 reti-

450 875 552 902 neat:
582 867 700 916 quoad
728 868 769 902 C.
796 870 1007 914 volgensem
1035 866 1179 902 videant
1207 875 1375 916 autoptae
1396 882 1440 902 an
1468 880 1575 912 vere,
1602 876 1642 902 ut
1669 868 1713 904 cl.
1732 868 1866 917 Dejean

451 939 634 974 autumat,
664 931 704 964 C.
731 930 920 979 decipienti
953 938 988 964 et
1018 929 1325 978 stigmatoplzorae
1358 929 1516 965 Fischeri
1549 930 1787 980 respondeat,
1830 939 1865 966 et

449 1004 578 1027 nomen
607 1005 672 1041 pro
701 993 968 1041 opportunitate
997 991 1214 1026 confirment
1241 1000 1302 1026 aut
1329 1000 1482 1027 mutent.

838 1114 869 1149 3.
899 1115 1093 1149 CmmnELA
1119 1117 1338 1160 nemoralis,
1367 1116 1472 1151 Omv.

534 1239 970 1275 Viridi-obscuro-aenea
984 1256 997 1283 ;
1023 1243 1150 1288 elytz'z's
1177 1243 1305 1275 lunula
1332 1239 1513 1275 humerali
1538 1243 1742 1290 apiealique
1756 1269 1767 1286 7

877 1305 1099 1351 punctisque
1127 1310 1289 1351 quatuor·
1314 1302 1417 1338 albis.

520 1426 672 1462 OLIVIER
695 1453 703 1469 ‚
728 1426 1002 1474 Entomologie‚
1030 1427 1071 1461 T.
1102 1440 1133 1462 2.
1161 1440 1241 1477 pag.
1275 1427 1329 1462 13.
1357 1426 1429 1462 tab.
1460 1428 1492 1463 3.
1520 1426 1579 1477 fig.
1607 1428 1665 1463 36.

519 1489 704 1524 Cz'cindela
732 1491 902 1524 littoralis
922 1518 932 1535 ‚
960 1490 1101 1525 DEJEAN
1117 1518 1127 1535 ,
1155 1490 1258 1539 Spe'e.
1283 1491 1367 1538 ge'n.
1394 1489 1436 1524 T.
1472 1504 1498 1525 1.
1540 1503 1620 1540 pag.
1655 1491 1722 1535 104
1767 1492 1781 1539 (
1797 1503 1856 1526 ex-

567 1550 672 1586 clusis
699 1553 905 1600 synonymis
934 1552 1090 1587 FAssmcn
1119 1561 1154 1588 et
1181 1552 1443 1600 Senomnmm)
1476 1574 1526 1580 -—
1563 1553 1858 1603 Imnographie,

569 1618 637 1647 2.¹'¹‘²
668 1613 829 1658 edition,
858 1614 898 1648 T.
934 1628 960 1648 1.
989 1628 1069 1664 pag.
1099 1616 1157 1660 42.
1184 1615 1257 1650 tab.
1287 1615 1319 1651 5.
1347 1614 1406 1664 fig.
1433 1615 1468 1660 4.

517 1735 665 1771 Habitat
692 1736 735 1771 ad
762 1737 880 1772 littora
906 1739 1013 1774 maris
1040 1746 1074 1775 et
1101 1740 1197 1775 circa
1236 1740 1364 1777 salinas
1380 1768 1390 1786 ,
1425 1740 1627 1789 primovere
1663 1747 1699 1775 et
1725 1747 1856 1776 aestate

442 1798 738 1847 frequentissima.

516 1861 598 1895 Obs.
630 1863 850 1898 Cieimlelam
869 1867 1088 1899 nemoralem
1110 1865 1200 1902 Oliv.
1229 1874 1265 1901 et
1285 1866 1507 1901 cicindelum
1525 1867 1720 1900 littoralem
1746 1865 1775 1900 F
1779 1864 1852 1899 abr.

441 1924 477 1956 in
495 1936 599 1958 unam
614 1924 847 1973 eamdemque
869 1928 1026 1975 speciem
1040 1940 1234 1977 perperam
1252 1943 1272 1964 a
1289 1929 1373 1964 viris
1388 1927 1633 1963 celeberrimis
1648 1925 1854 1963 Schonherr

442 1992 477 2017 et
503 1985 661 2033 Dejeau,
691 1987 839 2036 aliisque
866 1988 939 2025 fere
967 1990 1131 2026 omnibus
1159 1991 1362 2026 auctoribus
1391 1989 1602 2038 conjunctas
1629 1989 1752 2033 fuisse,
1785 2001 1853 2024 nu-

440 2048 593 2094 perrime
622 2056 657 2082 et
683 2049 829 2097 quidem
855 2052 922 2086 rite
950 2061 1179 2088 autumarunt
1203 2054 1269 2088 viri
1289 2053 1332 2088 cl.
1354 2052 1470 2088 Solier
1496 2061 1533 2088 et
1554 2052 1692 2088 Kunze.
1720 2052 1854 2087 Genui·

443 2122 524 2143 nam
551 2110 626 2144 Cic.
654 2113 851 2147 littoralem
876 2115 1122 2161 superioribus
1163 2115 1261 2151 hisce
1294 2117 1398 2151 annis
1439 2115 1581 2164 accepit
1620 2126 1639 2150 e
1681 2113 1854 2150 Barbaria

442 2171 483 2205 et.
509 2172 654 2220 Dupont
671 2201 681 2217 ,
709 2173 967 2223 Entomologus
995 2178 1203 2224 parisiensis
1220 2205 1231 2223 ,
1272 2178 1336 2214 sed
1361 2177 1532 2213 ineditam
1565 2184 1661 2213 ratus
1687 2189 1765 2212 eam
1791 2190 1854 2212 no-

442 2234 537 2269 mine
574 2235 649 2269 Cic.
687 2235 935 2284 Bartlzelemyi
971 2238 1006 2272 in
1047 2238 1265 2276 Collectione
1307 2241 1452 2290 propria
1493 2247 1600 2289 atque
1640 2239 1678 2275 in
1721 2237 1850 2275 litteris
