2038 2875
742 226 903 249 AUCTORE
931 228 957 249 J.
985 220 1074 250 cene
1585 219 1603 251 3

205 287 409 336 specierum
436 285 627 322 nonnullas
654 288 862 337 nuperrime
890 287 1157 337 descripserunt
1177 289 1242 324 viri
1269 289 1451 325 clarissimi
1470 291 1606 325 DEJEAN

205 357 240 383 et
266 347 489 393 Senommnm
519 347 712 398 pleraeque
740 357 920 394 attamen,
947 350 1105 385 nondum
1134 350 1270 399 publici
1296 350 1381 399 juris
1408 351 1537 396 factae,
1571 354 1606 387 in

204 408 468 445 collectionibus
505 410 843 459 Entomophilorum
882 410 950 445 huc
989 420 1023 447 et
1053 411 1138 446 illuc
1177 420 1338 460 prostant
1376 413 1431 448 vel
1458 413 1501 447 ab
1528 414 1604 462 ipso

200 470 340 506 DAumo
360 481 526 520 acceptae
550 471 775 521 proindeque
796 471 1014 521 autographa
1033 474 1227 508 inventoris
1247 473 1376 508 scheda
1395 475 1605 520 instructae,

202 531 256 566 vel
282 544 349 581 per
375 532 457 567 alios
500 531 697 581 adquisitae
731 541 837 582 atque
878 535 914 568 in
946 533 1052 568 fidem
1091 534 1235 569 alterius
1264 535 1435 570 Daliliano
1462 537 1603 571 nomine

201 592 402 628 distinctae.
431 593 500 628 Sed
527 594 753 630 Insectorum
780 595 1034 630 commercium
1061 608 1123 631 seu
1149 597 1364 644 permutatio
1386 597 1422 631 in
1444 596 1515 632 dics
1543 597 1605 632 de-

199 661 372 689 monstrat
398 655 641 703 gravissimam
667 657 705 691 in
731 656 858 691 harum
890 658 1091 705 specierum
1123 657 1396 692 nomenclatura
1431 658 1605 694 confusio-

199 729 282 752 nem
309 717 522 765 irrepsisse,
563 730 668 766 saepe
701 719 796 754 enim
828 719 1002 767 contingit
1038 719 1249 767 ipsissimam
1276 720 1433 767 speciem
1461 718 1605 756 diversis

200 778 429 823 nominibus,
458 779 667 828 speciesque
696 787 769 814 toto
797 780 896 814 coelo
930 779 1085 814 diversas
1118 793 1189 814 uno
1222 779 1419 828 eodemque
1459 783 1603 817 nomine

199 848 337 875 notatas
366 840 529 889 accipere
555 840 610 875 vel
638 841 675 875 in
703 840 974 876 collectionibus
1003 840 1281 889 deprehendere.
1324 842 1432 876 Extra
1459 842 1606 877 dubium

198 915 312 951 prope
340 911 395 937 est
420 915 478 937 me
507 902 814 951 quamplurimas,
854 904 925 938 imo
964 903 1152 952 plerasque
1192 901 1381 938 Daliliauas
1423 904 1558 951 species
1585 917 1603 939 e

200 962 363 998 Sardinia
389 963 554 999 retulisse
571 991 581 1007 ‚
608 963 672 999 sed
700 977 770 1013 quo
798 966 941 999 nomine
969 964 1227 1012 Entomologus
1248 964 1522 1000 vindobonensis
1549 978 1604 1000 eas

197 1025 402 1074 singillatim
427 1027 691 1074 nuncupaverit
716 1026 823 1074 plane
851 1027 987 1070 nescio,
1009 1026 1066 1060 vel
1092 1026 1253 1073 ambigue
1280 1027 1385 1070 novi,
1414 1026 1481 1061 illis
1502 1025 1603 1061 dum—

196 1095 289 1121 taxat
317 1095 352 1122 et
379 1086 525 1136 quidem
550 1089 742 1136 perpaucis
772 1088 943 1136 exceptis,
968 1101 1119 1136 quarum
1146 1088 1342 1136 specimina
1362 1096 1403 1122 ut
1419 1088 1466 1121 ita
1489 1087 1604 1122 dicam

197 1150 316 1198 typica
344 1156 379 1183 et
417 1149 459 1183 ab
491 1150 568 1197 ipso
606 1150 747 1184 DAuLlo
786 1149 915 1184 tradita
954 1150 991 1184 in
1032 1151 1177 1184 Musaeo
1212 1156 1335 1184 nostro
1363 1148 1603 1184 adservantur.

196 1210 418 1246 Monendum
445 1211 553 1258 igitur
578 1223 652 1246 esse
680 1219 766 1260 puto
793 1224 851 1246 me
879 1212 915 1245 in
941 1210 1121 1245 Sardiniae
1149 1211 1299 1245 Insectis
1320 1210 1479 1245 nonduin
1503 1210 1604 1246 editis

196 1272 427 1308 recensendis
454 1272 514 1306 illa
540 1280 679 1307 tantum
705 1273 851 1307 nomina
882 1272 1056 1307 Dahliana
1094 1272 1282 1307 retinuisse
1316 1285 1406 1320 quae
1439 1273 1544 1307 certis
1571 1280 1604 1307 ct

197 1335 241 1369 ab
268 1336 424 1384 ipsomet
451 1343 596 1369 auctore
623 1335 737 1369 missis
765 1335 1020 1383 speciminibus
1048 1333 1186 1381 adjecta
1212 1346 1299 1382 prae
1329 1334 1439 1368 oculis
1467 1333 1603 1378 liabeo,

196 1405 232 1432 et
259 1405 386 1431 contra
410 1396 548 1445 reliqua
575 1397 693 1431 omnia
725 1396 904 1444 respuisse
938 1408 1028 1444 quae
1061 1407 1149 1443 vage
1181 1403 1217 1429 et
1249 1396 1391 1429 omnino
1425 1395 1533 1429 dubia
1560 1396 1604 1430 si-

196 1459 425 1509 gnificatione
451 1461 487 1495 in
515 1472 575 1495 ore
601 1460 656 1494 vel
682 1459 809 1494 litteris
837 1459 1157 1507 Entomologorum
1184 1466 1378 1494 versantur.
1420 1458 1527 1502 Quod
1560 1459 1602 1493 de

195 1522 376 1557 Dahlianis
402 1522 586 1570 speciebus
614 1529 650 1556 et
676 1520 878 1556 nominibus
907 1521 1039 1566 statui,
1077 1520 1173 1554 idem
1200 1520 1431 1555 subaudiatur
1456 1532 1601 1555 necesse

197 1592 249 1619 est
275 1583 392 1633 quoad
419 1584 554 1632 species
583 1591 619 1618 et
643 1585 789 1618 nomina
807 1611 818 1628 ‚
859 1595 949 1631 quae
977 1582 1074 1616 nulla
1101 1590 1195 1616 certa
1222 1580 1291 1616 fide
1318 1581 1488 1629 nulloque
1516 1581 1600 1616 cha—

195 1655 376 1682 racterum
404 1645 643 1680 additamento
669 1646 800 1693 passim
827 1645 864 1679 in
899 1643 1066 1679 Elenchis
1094 1643 1293 1678 traduntur.
1320 1643 1523 1691 Religiose‚
1549 1645 1602 1678 uti

194 1722 260 1758 par
287 1716 360 1752 est,
379 1709 525 1743 nomina
548 1706 714 1757 specifica
734 1707 778 1741 ab
797 1706 1001 1742 auctoribus
1030 1705 1142 1740 indita
1160 1713 1196 1740 et
1215 1704 1363 1754 adjectis
1392 1704 1602 1753 descriptio-

196 1771 301 1807 nibus
328 1770 493 1819 evulgata
519 1768 688 1805 servabo:
726 1781 773 1804 ne
813 1781 897 1804 vero
938 1768 1151 1817 synonymia
1185 1779 1374 1816 perperam
1403 1773 1572 1814 augeatur
1590 1793 1600 1809 ,

196 1834 340 1868 nomina
374 1831 550 1881 adjunctis
588 1831 659 1866 illis
698 1829 890 1875 destituta,
930 1831 967 1865 ni
1003 1829 1096 1865 forte
1136 1829 1410 1864 clarissimorum
1442 1830 1599 1862 virorum

195 1895 384 1931 auctoritas
411 1902 446 1930 et
471 1893 717 1930 testiinonium
743 1891 886 1929 accedat
902 1919 912 1938 ‚
940 1891 1042 1927 nihili
1070 1893 1212 1930 omnino
1240 1902 1295 1925 me
1323 1889 1497 1924 facturum
1515 1900 1598 1936 pro-

196 1956 308 1993 fiteor.
